## ratio quarterly
| Period Ending            |   Current |   Dec 31, 2023 |   Jun 30, 2023 |   Dec 31, 2022 |   Jun 30, 2022 |   Dec 31, 2021 |   Jun 30, 2021 |   Dec 31, 2020 |   Jun 30, 2020 |   Dec 31, 2019 |   Jun 30, 2019 |   +2 Quarters |
|:-------------------------|----------:|---------------:|---------------:|---------------:|---------------:|---------------:|---------------:|---------------:|---------------:|---------------:|---------------:|--------------:|
| Market Capitalization    |   7515    |        8386    |        9010    |        9590    |        7730    |        6636    |        6109    |        6234    |        6348    |        6883    |        5357    |           nan |
| Market Cap Growth        |    -12.56 |         -12.56 |          16.56 |          44.51 |          26.53 |           6.46 |          -3.77 |          -9.43 |          18.5  |          60.92 |          24.38 |           nan |
| Enterprise Value         |   8931    |        9916    |       10223    |       11037    |        9150    |        7983    |        7409    |        7707    |        7109    |        8901    |        7350    |           nan |
| Last Close Price         |      5.18 |           5.56 |           5.78 |           5.96 |           6.59 |           5.49 |           4.94 |           4.93 |           4.93 |           5.83 |           5.64 |           nan |
| PE Ratio                 |     23.23 |          24.95 |          24.99 |          24.01 |          24.16 |          28.64 |          60.25 |         -45.61 |        -102.14 |        -152.37 |         -98.06 |           nan |
| PS Ratio                 |     56.08 |          62.58 |          70.66 |          81.13 |          69.4  |          65.93 |          67.44 |          58.45 |          42.7  |          39.29 |          33.71 |           nan |
| PB Ratio                 |      1.21 |           1.34 |           1.38 |           1.48 |           2.28 |           1.9  |           1.74 |           1.72 |           1.69 |           2.06 |           2.5  |           nan |
| P/FCF Ratio              |     99.95 |          99.95 |         101.23 |         130.65 |         136.85 |         144.14 |         180.28 |         164.51 |          88.29 |          90.5  |         210.62 |           nan |
| P/OCF Ratio              |     99.01 |          99.01 |         100.44 |         129.95 |         133.86 |         139.7  |         173.11 |         158.5  |          99.37 |          90.11 |         152.81 |           nan |
| EV/Sales Ratio           |     66.65 |          74    |          80.18 |          93.37 |          82.15 |          79.31 |          81.79 |          72.26 |          47.82 |          50.81 |          46.26 |           nan |
| EV/EBITDA Ratio          |     22.92 |         154.7  |         183.21 |         243.1  |         214.61 |         217.5  |         216.18 |         198.42 |         106.03 |         118.49 |         127.33 |           nan |
| EV/EBIT Ratio            |     27.86 |       -1944.38 |        -831.17 |        -530.6  |        -427.83 |        -322.24 |        -306.14 |        -269.47 |       -1074.68 |        1841.28 |        -715.85 |           nan |
| EV/FCF Ratio             |    106.44 |         118.19 |         114.87 |         150.36 |         161.99 |         173.4  |         218.64 |         203.39 |          98.88 |         117.03 |         288.97 |           nan |
| Debt / Equity Ratio      |      0.28 |           0.28 |           0.26 |           0.27 |           0.48 |           0.47 |           0.44 |           0.43 |           0.44 |           0.66 |           1.01 |           nan |
| Debt / EBITDA Ratio      |     26.84 |         nan    |         nan    |         nan    |         nan    |         nan    |         nan    |         nan    |         nan    |         nan    |         nan    |           nan |
| Debt / FCF Ratio         |     20.51 |          20.51 |          19.1  |          23.64 |          29.09 |          35.82 |          45.39 |          41.18 |          23.11 |          29.07 |          85.28 |           nan |
| Quick Ratio              |      2.88 |         nan    |         nan    |         nan    |         nan    |         nan    |         nan    |         nan    |         nan    |         nan    |         nan    |           nan |
| Current Ratio            |      2.9  |         nan    |         nan    |         nan    |         nan    |         nan    |         nan    |         nan    |         nan    |         nan    |         nan    |           nan |
| Earnings Yield           |      4.3  |           3.86 |           3.41 |           2.78 |           3.37 |           2.76 |           1.39 |          -0.95 |          -0.21 |           0.25 |           0.33 |           nan |
| FCF Yield                |      1.12 |           1    |           0.99 |           0.77 |           0.73 |           0.69 |           0.55 |           0.61 |           1.13 |           1.1  |           0.47 |           nan |
| Dividend Yield           |      7.71 |         nan    |           6.93 |           6.71 |           6.15 |           6.56 |           5.77 |           4.87 |           5.27 |           5.14 |           4.79 |           nan |
| Payout Ratio             |    179.41 |         nan    |         nan    |         nan    |         nan    |         nan    |         nan    |         nan    |         nan    |         nan    |         nan    |           nan |
| Buyback Yield / Dilution |    -33.79 |         -20.41 |         -50.72 |         -27.2  |           0.85 |          17.96 |         -41.44 |         -29.16 |         -37.39 |          21.95 |        -148.25 |           nan |
| Total Shareholder Return |    -26.08 |         -20.41 |         -43.79 |         -20.49 |           7    |          24.52 |         -35.67 |         -24.29 |         -32.12 |          27.1  |        -143.46 |           nan |

## ratio annually
| Year Ending              |   Current |   Dec 31, 2023 |   Dec 31, 2022 |   Dec 31, 2021 |   Dec 31, 2020 |   Dec 31, 2019 |   2018 - 2013 |
|:-------------------------|----------:|---------------:|---------------:|---------------:|---------------:|---------------:|--------------:|
| Market Capitalization    |   7515    |        8386    |        9590    |        6636    |        6234    |        6883    |           nan |
| Market Cap Growth        |    -12.56 |         -12.56 |          44.51 |           6.46 |          -9.43 |          60.92 |           nan |
| Enterprise Value         |   8931    |        9916    |       11037    |        7983    |        7707    |        8901    |           nan |
| Last Close Price         |      5.18 |           5.56 |           5.96 |           5.49 |           4.93 |           5.83 |           nan |
| PE Ratio                 |     23.23 |          24.95 |          24.22 |          28.73 |         -76.4  |         238.99 |           nan |
| PS Ratio                 |     56.08 |          62.58 |          81.13 |          65.93 |          58.45 |          39.29 |           nan |
| PB Ratio                 |      1.21 |           1.34 |           1.48 |           1.9  |           1.72 |           2.06 |           nan |
| P/FCF Ratio              |     99.95 |          99.95 |         130.65 |         144.14 |         164.51 |          90.5  |           nan |
| P/OCF Ratio              |     99.01 |          99.01 |         129.95 |         139.7  |         158.5  |          90.11 |           nan |
| EV/Sales Ratio           |     66.65 |          74    |          93.37 |          79.31 |          72.26 |          50.81 |           nan |
| EV/EBITDA Ratio          |     22.92 |         154.7  |         243.1  |         217.5  |         198.42 |         118.49 |           nan |
| EV/EBIT Ratio            |     27.86 |       -1944.38 |        -530.6  |        -322.24 |        -269.47 |        1841.28 |           nan |
| EV/FCF Ratio             |    106.44 |         118.19 |         150.36 |         173.4  |         203.39 |         117.03 |           nan |
| Debt / Equity Ratio      |      0.28 |           0.28 |           0.27 |           0.47 |           0.43 |           0.66 |           nan |
| Debt / EBITDA Ratio      |     26.84 |          26.84 |          38.22 |          44.93 |          40.17 |          29.44 |           nan |
| Debt / FCF Ratio         |     20.51 |          20.51 |          23.64 |          35.82 |          41.18 |          29.07 |           nan |
| Asset Turnover           |      0.02 |           0.02 |           0.02 |           0.02 |           0.02 |           0.03 |           nan |
| Quick Ratio              |      2.88 |           2.88 |           4.29 |           2.23 |           3.69 |          15.19 |           nan |
| Current Ratio            |      2.9  |           2.9  |           4.31 |           2.25 |           3.72 |          15.2  |           nan |
| Return on Equity (ROE)   |      4.03 |           4.03 |           4.83 |           4.59 |          -2.84 |          -0.35 |           nan |
| Return on Assets (ROA)   |     -0.04 |          -0.04 |          -0.19 |          -0.3  |          -0.33 |           0.06 |           nan |
| Return on Capital (ROIC) |     -0.04 |          -0.04 |          -0.19 |          -0.3  |          -0.33 |           0.06 |           nan |
| Earnings Yield           |      4.3  |           3.86 |           2.78 |           2.76 |          -0.95 |           0.25 |           nan |
| FCF Yield                |      1.12 |           1    |           0.77 |           0.69 |           0.61 |           1.1  |           nan |
| Dividend Yield           |      7.71 |         nan    |           6.71 |           6.56 |           4.87 |           5.14 |           nan |
| Payout Ratio             |    179.41 |         179.41 |         145.52 |         149.18 |         nan    |         888.13 |           nan |
| Buyback Yield / Dilution |    -33.79 |         -33.79 |         -13.08 |          -4.04 |         -32.09 |          -3.26 |           nan |
| Total Shareholder Return |    -26.08 |         -33.79 |          -6.36 |           2.52 |         -27.22 |           1.89 |           nan |

## cash flow quarterly
| Period Ending                         |   Dec 31, 2023 |   Jun 30, 2023 |   Dec 31, 2022 |   Jun 30, 2022 |   Dec 31, 2021 |   Jun 30, 2021 |   Dec 31, 2020 |   Jun 30, 2020 |   Dec 31, 2019 |   Jun 30, 2019 |   +2 Quarters |
|:--------------------------------------|---------------:|---------------:|---------------:|---------------:|---------------:|---------------:|---------------:|---------------:|---------------:|---------------:|--------------:|
| Net Income                            |         155.9  |         167.6  |         139.4  |         127.5  |         132.93 |          50.28 |          34.82 |         -94.34 |          80.77 |         -63.69 |           nan |
| Depreciation & Amortization           |          35.5  |          33.7  |          34.4  |          31.8  |          32.22 |          29.26 |          29.21 |          38.23 |          35.44 |          34.85 |           nan |
| Other Amortization                    |           0.2  |         nan    |           0.2  |         nan    |           0.08 |         nan    |           0.8  |         nan    |           2.82 |         nan    |           nan |
| Asset Writedown & Restructuring Costs |         nan    |         nan    |         nan    |         nan    |         nan    |         nan    |         143.9  |         nan    |         165.43 |         nan    |           nan |
| Loss (Gain) on Equity Investments     |        -325.6  |         nan    |        -336.4  |         nan    |        -284.05 |         nan    |        -152.68 |         nan    |        -254.87 |         nan    |           nan |
| Stock-Based Compensation              |         nan    |         nan    |         nan    |         nan    |         nan    |         nan    |           2.15 |         nan    |           2.06 |         nan    |           nan |
| Provision & Write-off of Bad Debts    |         nan    |         nan    |         nan    |         nan    |         nan    |         nan    |         nan    |         nan    |           0.02 |         nan    |           nan |
| Other Operating Activities            |         172    |        -161    |         198.1  |        -134.9  |         177.14 |         -65.38 |         -34.07 |          74.31 |         152.31 |          59.55 |           nan |
| Change in Accounts Receivable         |           2    |         nan    |          -1.6  |         nan    |          -0.7  |         nan    |           0.17 |         nan    |        -138.1  |         nan    |           nan |
| Change in Accounts Payable            |          -0.4  |         nan    |           2.2  |         nan    |           5.27 |         nan    |          -2.02 |         nan    |          -0.19 |         nan    |           nan |
| Change in Other Net Operating Assets  |           1.1  |         nan    |          10    |         nan    |           6.23 |         nan    |         nan    |         nan    |         nan    |         nan    |           nan |
| Operating Cash Flow                   |          44.4  |          40.3  |          49.4  |          24.4  |          33.35 |          14.16 |          21.13 |          18.2  |          45.68 |          30.7  |           nan |
| Operating Cash Flow Growth            |         -10.12 |          65.16 |          48.15 |          72.3  |          57.82 |         -22.19 |         -53.75 |         -40.72 |         948.91 |          63.43 |           nan |
| Capital Expenditures                  |          -0.3  |          -0.5  |          -0.2  |          -0.2  |          -1.06 |          -0.41 |          -1    |          -0.44 |           8.46 |          -8.79 |           nan |
| Sale of Property, Plant & Equipment   |         nan    |         nan    |         nan    |         nan    |         nan    |         nan    |         nan    |         nan    |           0    |           0.02 |           nan |
| Sale (Purchase) of Intangibles        |         nan    |         nan    |         nan    |         nan    |          -0.01 |          -0.2  |          -4.73 |          -4.37 |         -15.42 |         nan    |           nan |
| Investment in Securities              |         392    |         222.1  |       -2813.3  |         208.1  |         154.65 |         151.07 |         102.45 |       -1065.87 |         114.81 |         123.44 |           nan |
| Other Investing Activities            |           9.1  |           9.3  |         nan    |         nan    |           1.05 |          -1.05 |          -0.01 |          -2.71 |          -0.05 |         nan    |           nan |
| Investing Cash Flow                   |         400.8  |         230.9  |       -2813.5  |         207.9  |         154.63 |         149.42 |          96.71 |       -1073.39 |         107.79 |         114.67 |           nan |
| Long-Term Debt Issued                 |         nan    |         nan    |         nan    |         nan    |         nan    |         171.95 |         nan    |         nan    |         nan    |         nan    |           nan |
| Total Debt Issued                     |         nan    |         nan    |         nan    |         nan    |           4.18 |         171.95 |         nan    |         nan    |         nan    |         nan    |           nan |
| Long-Term Debt Repaid                 |         nan    |        -100.8  |         nan    |         -93.1  |         nan    |        -280.77 |         nan    |        -626.84 |         nan    |         -86.43 |           nan |
| Total Debt Repaid                     |          -2.3  |        -100.8  |          -4    |         -93.1  |          -6.56 |        -280.77 |           6.92 |        -626.84 |         -18.86 |         -86.43 |           nan |
| Net Debt Issued (Repaid)              |          -2.3  |        -100.8  |          -4    |         -93.1  |          -2.38 |        -108.82 |           6.92 |        -626.84 |         -18.86 |         -86.43 |           nan |
| Issuance of Common Stock              |         nan    |         nan    |        3043    |         nan    |         nan    |         nan    |          71.64 |         412.29 |        1324    |         nan    |           nan |
| Common Dividends Paid                 |        -290.2  |        -290.2  |        -191.8  |        -196.6  |        -148.65 |        -124.67 |        -105.49 |         nan    |        -102.51 |         -49.2  |           nan |
| Other Financing Activities            |          -8.2  |           9.6  |          -7.7  |          23.2  |          -2.06 |           4.39 |          -9.03 |           3.88 |         -56.9  |           6.85 |           nan |
| Financing Cash Flow                   |        -300.7  |        -381.4  |        2840    |        -266.5  |        -153.09 |        -229.1  |         -35.96 |        -210.66 |        1146    |        -182.07 |           nan |
| Foreign Exchange Rate Adjustments     |          -8.6  |           3.7  |           3.4  |           1.5  |           3.43 |          -3.75 |         -10.27 |           4.35 |          -0.14 |           1.22 |           nan |
| Net Cash Flow                         |         135.9  |        -106.5  |          79.2  |         -32.7  |          38.31 |         -69.27 |          71.62 |       -1261.5  |        1299    |         -35.48 |           nan |
| Free Cash Flow                        |          44.1  |          39.8  |          49.2  |          24.2  |          32.28 |          13.76 |          20.13 |          17.76 |          54.14 |          21.92 |           nan |
| Free Cash Flow Growth                 |         -10.37 |          64.46 |          52.4  |          75.92 |          60.38 |         -22.55 |         -62.82 |         -18.96 |        1438.86 |          18.34 |           nan |
| Free Cash Flow Margin                 |          62.55 |          62.68 |          76.88 |          44.65 |          56.47 |          31.64 |          42.74 |          29.83 |          60.74 |          25.46 |           nan |
| Free Cash Flow Per Share              |           0.03 |           0.03 |           0.04 |           0.03 |           0.03 |           0.01 |           0.02 |           0.03 |           0.06 |           0.04 |           nan |
| Cash Interest Paid                    |           4.8  |           4.3  |           3.6  |           3.5  |           3.61 |           3.87 |          14.62 |         nan    |         nan    |         nan    |           nan |
| Cash Income Tax Paid                  |           2.8  |         nan    |           2.7  |         nan    |         nan    |         nan    |           0    |         nan    |           0.05 |          -0.07 |           nan |
| Levered Free Cash Flow                |         -27.25 |          -0.21 |           7.33 |           1.73 |          -1.06 |         -10.65 |         -20.31 |          96.42 |        -116    |          -7.21 |           nan |
| Unlevered Free Cash Flow              |           2.92 |          28.79 |          36.19 |          28.29 |          24.4  |          15.02 |           5.81 |         131.03 |         -88.34 |          27.65 |           nan |

## balance sheet quarterly
| Period Ending                      |   Dec 31, 2023 |   Jun 30, 2023 |   Dec 31, 2022 |   Jun 30, 2022 |   Dec 31, 2021 |   Jun 30, 2021 |   Dec 31, 2020 |   Jun 30, 2020 |   Dec 31, 2019 |   Jun 30, 2019 |   +2 Quarters |
|:-----------------------------------|---------------:|---------------:|---------------:|---------------:|---------------:|---------------:|---------------:|---------------:|---------------:|---------------:|--------------:|
| Cash & Equivalents                 |         305.3  |         169.4  |         275.9  |         196.75 |         229.39 |         191.08 |         260.34 |         188.72 |        1450    |         150.99 |           nan |
| Short-Term Investments             |         nan    |         nan    |         245.8  |         nan    |         nan    |         nan    |         nan    |         nan    |         nan    |         nan    |           nan |
| Cash & Short-Term Investments      |         305.3  |         169.4  |         521.7  |         196.75 |         229.39 |         191.08 |         260.34 |         188.72 |        1450    |         150.99 |           nan |
| Cash Growth                        |         -41.48 |         -13.9  |         127.43 |           2.97 |         -11.89 |           1.25 |         -82.05 |          24.99 |         677.73 |          -3.19 |           nan |
| Accounts Receivable                |           5.3  |         nan    |           5.1  |         nan    |           5.61 |         nan    |           4.73 |           5.19 |         142.27 |           1.02 |           nan |
| Other Receivables                  |          31.4  |         nan    |           4.2  |         nan    |           7.64 |         nan    |           0.95 |           0.67 |           0.13 |           0.18 |           nan |
| Receivables                        |          36.7  |         nan    |           9.3  |         nan    |          13.25 |         nan    |           5.68 |           5.86 |         142.4  |           1.2  |           nan |
| Prepaid Expenses                   |           3.1  |         nan    |           2.5  |         nan    |           2.55 |         nan    |           1.62 |         nan    |           0.99 |           1.3  |           nan |
| Other Current Assets               |         nan    |          10.2  |         nan    |           9.75 |         nan    |          11.61 |         nan    |         nan    |         nan    |         nan    |           nan |
| Total Current Assets               |         345.1  |         179.6  |         533.5  |         206.5  |         245.19 |         202.68 |         267.64 |         194.58 |        1594    |         153.48 |           nan |
| Property, Plant & Equipment        |          14.8  |          15.8  |          15.7  |          16.35 |          16.92 |          12.29 |          13.27 |          12.09 |          11.25 |          11.74 |           nan |
| Long-Term Investments              |        5342    |        5721    |        5350    |        2499    |        2592    |        2590    |        2685    |        2739    |        1364    |        1572    |           nan |
| Goodwill                           |          14.3  |          14.5  |          13.8  |          13.39 |          13.72 |          13.9  |          14.09 |          14.38 |          14.05 |          14.24 |           nan |
| Other Intangible Assets            |        2104    |        2195    |        2168    |        2167    |        2101    |        2065    |        2064    |        2315    |        2439    |        2464    |           nan |
| Long-Term Deferred Tax Assets      |          20.4  |          22.1  |          21.8  |          22.98 |          23.54 |          23.64 |         nan    |         nan    |         nan    |         nan    |           nan |
| Other Long-Term Assets             |         205    |         207    |         215.7  |         210.47 |         226.4  |         219.68 |         224.23 |         255.53 |         254.15 |         197.73 |           nan |
| Total Assets                       |        8045    |        8355    |        8319    |        5135    |        5219    |        5127    |        5269    |        5530    |        5675    |        4414    |           nan |
| Accounts Payable                   |           7.8  |         nan    |          14.5  |         nan    |           8.08 |         nan    |           9.77 |         nan    |          12.36 |           8.56 |           nan |
| Accrued Expenses                   |           8.8  |         nan    |           8.4  |         nan    |           7.77 |         nan    |           5.1  |         nan    |          10.04 |          25.44 |           nan |
| Current Portion of Long-Term Debt  |         101.4  |         104.3  |         100.1  |          98.71 |          92.3  |          88.93 |          55.73 |          58.6  |          48.37 |          45.19 |           nan |
| Current Portion of Leases          |           0.3  |         nan    |           0.3  |         nan    |           0.45 |         nan    |           1.26 |         nan    |           1.05 |           1.16 |           nan |
| Current Income Taxes Payable       |           0.5  |         nan    |           0.4  |         nan    |           0.36 |         nan    |           0.17 |         nan    |           2.48 |           2.46 |           nan |
| Other Current Liabilities          |         nan    |          17.4  |         nan    |          12.3  |         nan    |          13.26 |         nan    |          25.85 |          30.58 |           3.15 |           nan |
| Total Current Liabilities          |         118.8  |         121.7  |         123.7  |         111.01 |         108.96 |         102.19 |          72.03 |          84.45 |         104.88 |          85.95 |           nan |
| Long-Term Debt                     |        1594    |        1596    |        1609    |        1545    |        1532    |        1449    |        1483    |        1603    |        2142    |        2103    |           nan |
| Long-Term Leases                   |          25.2  |         nan    |          25.5  |         nan    |          24.49 |         nan    |          19.92 |         nan    |          19.6  |          19.4  |           nan |
| Long-Term Deferred Tax Liabilities |          34.2  |          34.6  |          33    |          32.24 |          29.7  |          28.05 |          40.4  |          44.48 |          50.54 |          51.41 |           nan |
| Other Long-Term Liabilities        |          37.3  |          62.6  |          36.4  |          55.08 |          25.98 |          40.52 |          18.95 |          38.6  |          14.75 |          14.96 |           nan |
| Total Liabilities                  |        1809    |        1815    |        1828    |        1743    |        1721    |        1620    |        1635    |        1771    |        2332    |        2275    |           nan |
| Common Stock                       |        6985    |        6985    |        6985    |        3950    |        3950    |        3950    |        3950    |        3875    |        3463    |        2140    |           nan |
| Retained Earnings                  |        -910.6  |        -740.2  |        -586.5  |        -518.63 |        -439.14 |        -427.68 |        -329.09 |        -278.53 |        -267.21 |        -185.61 |           nan |
| Comprensive Income & Other         |         161.2  |         295.7  |          92    |         -38.63 |         -12.69 |         -15.37 |          13.6  |         163.49 |         147.64 |         184.28 |           nan |
| Shareholders' Equity               |        6236    |        6541    |        6491    |        3393    |        3498    |        3507    |        3634    |        3760    |        3344    |        2139    |           nan |
| Total Liabilities & Equity         |        8045    |        8355    |        8319    |        5135    |        5219    |        5127    |        5269    |        5530    |        5675    |        4414    |           nan |
| Total Debt                         |        1721    |        1700    |        1735    |        1643    |        1649    |        1538    |        1560    |        1662    |        2211    |        2169    |           nan |
| Net Cash (Debt)                    |       -1415.2  |       -1530.5  |       -1213.6  |       -1446.56 |       -1419.91 |       -1347.01 |       -1299.85 |       -1473    |        -760.93 |       -2017.97 |           nan |
| Net Cash Per Share                 |          -0.97 |          -1.06 |          -1    |          -1.51 |          -1.49 |          -1.39 |          -1.12 |          -2.15 |          -0.85 |          -4.06 |           nan |
| Filing Date Shares Outstanding     |        1451    |        1445    |        1451    |         958.65 |         959.02 |         959.02 |         959.02 |         946.92 |         879.03 |         683.27 |           nan |
| Total Common Shares Outstanding    |        1451    |        1445    |        1451    |         958.65 |         959.02 |         959.02 |         959.02 |         946.92 |         879.03 |         683.27 |           nan |
| Working Capital                    |         226.3  |          57.9  |         409.8  |          95.49 |         136.22 |         100.49 |         195.62 |         110.14 |        1489    |          67.53 |           nan |
| Book Value Per Share               |           4.3  |           4.53 |           4.47 |           3.54 |           3.65 |           3.66 |           3.79 |           3.97 |           3.8  |           3.13 |           nan |
| Tangible Book Value                |        4118    |        4331    |        4309    |        1212    |        1383    |        1428    |        1556    |        1430    |         890.94 |        -339.66 |           nan |
| Tangible Book Value Per Share      |           2.84 |           3    |           2.97 |           1.26 |           1.44 |           1.49 |           1.62 |           1.51 |           1.01 |          -0.5  |           nan |

## cash flow annually
| Year Ending                           |     TTM |   Dec 31, 2023 |   Dec 31, 2022 |   Dec 31, 2021 |   Dec 31, 2020 |   Dec 31, 2019 |   2018 - 2013 |
|:--------------------------------------|--------:|---------------:|---------------:|---------------:|---------------:|---------------:|--------------:|
| Net Income                            |  323.5  |         323.5  |         266.9  |         183.21 |         -59.52 |          17.08 |           nan |
| Depreciation & Amortization           |   69.2  |          69.2  |          66.2  |          61.48 |          67.44 |          70.28 |           nan |
| Other Amortization                    |    0.2  |           0.2  |           0.2  |           0.08 |           0.8  |           2.82 |           nan |
| Asset Writedown & Restructuring Costs |  nan    |         nan    |         nan    |         nan    |         143.9  |         165.43 |           nan |
| Loss (Gain) on Equity Investments     | -325.6  |        -325.6  |        -336.4  |        -284.05 |        -152.68 |        -254.87 |           nan |
| Stock-Based Compensation              |  nan    |         nan    |         nan    |         nan    |           2.15 |           2.06 |           nan |
| Provision & Write-off of Bad Debts    |  nan    |         nan    |         nan    |         nan    |         nan    |           0.02 |           nan |
| Other Operating Activities            |   11    |          11    |          63.2  |         111.76 |          40.25 |         211.85 |           nan |
| Change in Accounts Receivable         |    2    |           2    |          -1.6  |          -0.7  |           0.17 |        -138.1  |           nan |
| Change in Accounts Payable            |   -0.4  |          -0.4  |           2.2  |           5.27 |          -2.02 |          -0.19 |           nan |
| Change in Other Net Operating Assets  |    1.1  |           1.1  |          10    |           6.23 |         nan    |         nan    |           nan |
| Operating Cash Flow                   |   84.7  |          84.7  |          73.8  |          47.51 |          39.33 |          76.38 |           nan |
| Operating Cash Flow Growth            |   14.77 |          14.77 |          55.35 |          20.79 |         -48.51 |         230.08 |           nan |
| Capital Expenditures                  |   -0.8  |          -0.8  |          -0.4  |          -1.47 |          -1.44 |          -0.33 |           nan |
| Sale of Property, Plant & Equipment   |  nan    |         nan    |         nan    |         nan    |         nan    |           0.02 |           nan |
| Sale (Purchase) of Intangibles        |  nan    |         nan    |         nan    |          -0.21 |          -9.1  |         -15.42 |           nan |
| Investment in Securities              |  614.1  |         614.1  |       -2605.2  |         305.72 |        -963.42 |         238.25 |           nan |
| Other Investing Activities            |   18.4  |          18.4  |         nan    |         nan    |          -2.71 |          -0.05 |           nan |
| Investing Cash Flow                   |  631.7  |         631.7  |       -2605.6  |         304.05 |        -976.67 |         222.46 |           nan |
| Long-Term Debt Issued                 |  nan    |         nan    |         nan    |         176.14 |         nan    |         nan    |           nan |
| Long-Term Debt Repaid                 | -103.1  |        -103.1  |         -97.1  |        -287.33 |        -619.92 |        -105.29 |           nan |
| Total Debt Repaid                     | -103.1  |         nan    |         nan    |         nan    |         nan    |         nan    |           nan |
| Net Debt Issued (Repaid)              | -103.1  |        -103.1  |         -97.1  |        -111.19 |        -619.92 |        -105.29 |           nan |
| Issuance of Common Stock              |  nan    |         nan    |        3043    |         nan    |         483.94 |        1324    |           nan |
| Common Dividends Paid                 | -580.4  |        -580.4  |        -388.4  |        -273.32 |        -105.49 |        -151.7  |           nan |
| Other Financing Activities            |    1.4  |           1.4  |          15.5  |           2.33 |          -5.15 |         -50.05 |           nan |
| Financing Cash Flow                   | -682.1  |        -682.1  |        2573    |        -382.19 |        -246.62 |         963.84 |           nan |
| Foreign Exchange Rate Adjustments     |   -4.9  |          -4.9  |           4.9  |          -0.32 |          -5.92 |           1.08 |           nan |
| Net Cash Flow                         |   29.4  |          29.4  |          46.5  |         -30.95 |       -1189.88 |        1264    |           nan |
| Free Cash Flow                        |   83.9  |          83.9  |          73.4  |          46.04 |          37.89 |          76.05 |           nan |
| Free Cash Flow Growth                 |   14.31 |          14.31 |          59.43 |          21.51 |         -50.18 |         245.1  |           nan |
| Free Cash Flow Margin                 |   62.61 |          62.61 |          62.1  |          45.74 |          35.53 |          43.41 |           nan |
| Free Cash Flow Per Share              |    0.06 |           0.06 |           0.07 |           0.05 |           0.04 |           0.11 |           nan |
| Cash Interest Paid                    |    9.1  |           9.1  |           7.1  |           7.48 |          14.62 |         nan    |           nan |
| Cash Income Tax Paid                  |    2.8  |           2.8  |           2.7  |         nan    |           0    |          -0.02 |           nan |
| Levered Free Cash Flow                |  -27.46 |         -27.46 |           9.06 |         -11.71 |          76.11 |        -123.21 |           nan |
| Unlevered Free Cash Flow              |   31.71 |          31.71 |          64.48 |          39.41 |         136.85 |         -60.68 |           nan |
| Change in Net Working Capital         |   34.2  |          34.2  |         -11.08 |           7.33 |         -95.68 |         120.3  |           nan |

## balance sheet annually
| Year Ending                        |      TTM |   Dec 31, 2023 |   Dec 31, 2022 |   Dec 31, 2021 |   Dec 31, 2020 |   Dec 31, 2019 |   2018 - 2013 |
|:-----------------------------------|---------:|---------------:|---------------:|---------------:|---------------:|---------------:|--------------:|
| Cash & Equivalents                 |   305.3  |         305.3  |         275.9  |         229.39 |         260.34 |        1450    |           nan |
| Short-Term Investments             |   nan    |         nan    |         245.8  |         nan    |         nan    |         nan    |           nan |
| Cash & Short-Term Investments      |   305.3  |         305.3  |         521.7  |         229.39 |         260.34 |        1450    |           nan |
| Cash Growth                        |   -41.48 |         -41.48 |         127.43 |         -11.89 |         -82.05 |         677.73 |           nan |
| Accounts Receivable                |     5.3  |           5.3  |           5.1  |           5.61 |           4.73 |         142.27 |           nan |
| Other Receivables                  |    31.4  |          31.4  |           4.2  |           7.64 |           0.95 |           0.13 |           nan |
| Receivables                        |    36.7  |          36.7  |           9.3  |          13.25 |           5.68 |         142.4  |           nan |
| Prepaid Expenses                   |     3.1  |           3.1  |           2.5  |           2.55 |           1.62 |           0.99 |           nan |
| Total Current Assets               |   345.1  |         345.1  |         533.5  |         245.19 |         267.64 |        1594    |           nan |
| Property, Plant & Equipment        |    14.8  |          14.8  |          15.7  |          16.92 |          13.27 |          11.25 |           nan |
| Long-Term Investments              |  5342    |        5342    |        5350    |        2592    |        2685    |        1364    |           nan |
| Goodwill                           |    14.3  |          14.3  |          13.8  |          13.72 |          14.09 |          14.05 |           nan |
| Other Intangible Assets            |  2104    |        2104    |        2168    |        2101    |        2064    |        2439    |           nan |
| Long-Term Deferred Tax Assets      |    20.4  |          20.4  |          21.8  |          23.54 |         nan    |         nan    |           nan |
| Other Long-Term Assets             |   205    |         205    |         215.7  |         226.4  |         224.23 |         254.15 |           nan |
| Total Assets                       |  8045    |        8045    |        8319    |        5219    |        5269    |        5675    |           nan |
| Accounts Payable                   |     7.8  |           7.8  |          14.5  |           8.08 |           9.77 |          12.36 |           nan |
| Accrued Expenses                   |     8.8  |           8.8  |           8.4  |           7.77 |           5.1  |          10.04 |           nan |
| Current Portion of Long-Term Debt  |   101.4  |         101.4  |         100.1  |          92.3  |          55.73 |          48.37 |           nan |
| Current Portion of Leases          |     0.3  |           0.3  |           0.3  |           0.45 |           1.26 |           1.05 |           nan |
| Current Income Taxes Payable       |     0.5  |           0.5  |           0.4  |           0.36 |           0.17 |           2.48 |           nan |
| Other Current Liabilities          |   nan    |         nan    |         nan    |         nan    |         nan    |          30.58 |           nan |
| Total Current Liabilities          |   118.8  |         118.8  |         123.7  |         108.96 |          72.03 |         104.88 |           nan |
| Long-Term Debt                     |  1594    |        1594    |        1609    |        1532    |        1483    |        2142    |           nan |
| Long-Term Leases                   |    25.2  |          25.2  |          25.5  |          24.49 |          19.92 |          19.6  |           nan |
| Long-Term Deferred Tax Liabilities |    34.2  |          34.2  |          33    |          29.7  |          40.4  |          50.54 |           nan |
| Other Long-Term Liabilities        |    37.3  |          37.3  |          36.4  |          25.98 |          18.95 |          14.75 |           nan |
| Total Liabilities                  |  1809    |        1809    |        1828    |        1721    |        1635    |        2332    |           nan |
| Common Stock                       |  6985    |        6985    |        6985    |        3950    |        3950    |        3463    |           nan |
| Retained Earnings                  |  -910.6  |        -910.6  |        -586.5  |        -439.14 |        -329.09 |        -267.21 |           nan |
| Comprensive Income & Other         |   161.2  |         161.2  |          92    |         -12.69 |          13.6  |         147.64 |           nan |
| Shareholders' Equity               |  6236    |        6236    |        6491    |        3498    |        3634    |        3344    |           nan |
| Total Liabilities & Equity         |  8045    |        8045    |        8319    |        5219    |        5269    |        5675    |           nan |
| Total Debt                         |  1721    |        1721    |        1735    |        1649    |        1560    |        2211    |           nan |
| Net Cash (Debt)                    | -1415.2  |       -1415.2  |       -1213.6  |       -1419.91 |       -1299.85 |        -760.93 |           nan |
| Net Cash Per Share                 |    -0.97 |          -0.97 |          -1.12 |          -1.48 |          -1.41 |          -1.09 |           nan |
| Filing Date Shares Outstanding     |  1451    |        1451    |        1451    |         959.02 |         959.02 |         879.03 |           nan |
| Total Common Shares Outstanding    |  1451    |        1451    |        1451    |         959.02 |         959.02 |         879.03 |           nan |
| Working Capital                    |   226.3  |         226.3  |         409.8  |         136.22 |         195.62 |        1489    |           nan |
| Book Value Per Share               |     4.3  |           4.3  |           4.47 |           3.65 |           3.79 |           3.8  |           nan |
| Tangible Book Value                |  4118    |        4118    |        4309    |        1383    |        1556    |         890.94 |           nan |
| Tangible Book Value Per Share      |     2.84 |           2.84 |           2.97 |           1.44 |           1.62 |           1.01 |           nan |

## income quarterly
| Period Ending                         |   Dec 31, 2023 |   Jun 30, 2023 |   Dec 31, 2022 |   Jun 30, 2022 |   Dec 31, 2021 |   Jun 30, 2021 |   Dec 31, 2020 |   Jun 30, 2020 |   Dec 31, 2019 |   Jun 30, 2019 |   +2 Quarters |
|:--------------------------------------|---------------:|---------------:|---------------:|---------------:|---------------:|---------------:|---------------:|---------------:|---------------:|---------------:|--------------:|
| Operating Revenue                     |          70.1  |          63.1  |          62.9  |          53.8  |         57.17  |         43.48  |          47.1  |          59.55 |          89.12 |          86.07 |           nan |
| Other Revenue                         |           0.4  |           0.4  |           1.1  |           0.4  |        nan     |        nan     |         nan    |         nan    |         nan    |         nan    |           nan |
| Revenue                               |          70.5  |          63.5  |          64    |          54.2  |         57.17  |         43.48  |          47.1  |          59.55 |          89.12 |          86.07 |           nan |
| Revenue Growth (YoY)                  |          10.16 |          17.16 |          11.94 |          24.65 |         21.39  |        -26.98  |         -47.15 |         -30.81 |          22.39 |          44.51 |           nan |
| Cost of Revenue                       |          24.8  |          18.7  |          27.1  |          19.5  |         26.73  |         21.35  |          21.46 |          29.2  |          27.13 |          31.21 |           nan |
| Gross Profit                          |          45.7  |          44.8  |          36.9  |          34.7  |         30.44  |         22.13  |          25.64 |          30.35 |          61.99 |          54.86 |           nan |
| Selling, General & Admin              |           5.9  |           2.2  |           5    |           2.3  |          4.46  |          0.29  |           2.76 |           4.75 |          12.84 |          21.06 |           nan |
| Depreciation & Amortization           |          35.5  |          33.7  |          34.4  |          31.8  |         32.22  |         29.26  |          29.21 |          38.23 |          35.44 |          34.85 |           nan |
| Other Operating Expenses              |           9.2  |           9.1  |           9.6  |           9.3  |          6.45  |          4.67  |           5.78 |           3.85 |           3.85 |           4    |           nan |
| Operating Expenses                    |          50.6  |          45    |          49    |          43.4  |         43.13  |         34.22  |          37.75 |          46.83 |          52.12 |          59.9  |           nan |
| Operating Income                      |          -4.9  |          -0.2  |         -12.1  |          -8.7  |        -12.69  |        -12.09  |         -12.11 |         -16.49 |           9.87 |          -5.04 |           nan |
| Interest Expense                      |         -48.6  |         -46.4  |         -46.5  |         -42.5  |        -40.86  |        -41.07  |         -43.08 |         -55.38 |         -48.78 |         -55.78 |           nan |
| Interest & Investment Income          |           1.2  |          16.9  |          16.5  |           0.5  |        nan     |        nan     |         nan    |         nan    |         nan    |         nan    |           nan |
| Earnings From Equity Investments      |         157.8  |         167.8  |         167.8  |         168.6  |        175.42  |        108.63  |          72.85 |          79.83 |         125.14 |         129.74 |           nan |
| Currency Exchange Gain (Loss)         |          -1.5  |         nan    |           4.4  |         nan    |          1.02  |          0.02  |          -3.28 |          13.03 |          -0.99 |         nan    |           nan |
| Other Non Operating Income (Expenses) |          17.9  |         nan    |           9.6  |         nan    |          0.14  |          0.49  |           1.08 |           0.56 |          -7.75 |         nan    |           nan |
| EBT Excluding Unusual Items           |         121.9  |         138.1  |         139.7  |         117.9  |        123.04  |         55.99  |          15.45 |          21.54 |          77.49 |          68.92 |           nan |
| Merger & Restructuring Charges        |         nan    |         nan    |         -13.4  |         nan    |        nan     |        nan     |         nan    |         nan    |         nan    |         nan    |           nan |
| Impairment of Goodwill                |         nan    |         nan    |         nan    |         nan    |        nan     |        nan     |         nan    |         nan    |          -1.02 |         -65    |           nan |
| Asset Writedown                       |         nan    |         nan    |         nan    |         nan    |        nan     |        nan     |           8.14 |        -152.03 |          -1.54 |         -97.86 |           nan |
| Other Unusual Items                   |         nan    |         nan    |         nan    |         nan    |         -0.45  |        -50.64  |         nan    |         nan    |         nan    |         nan    |           nan |
| Pretax Income                         |         121.9  |         138.1  |         126.3  |         117.9  |        122.59  |          5.35  |          23.59 |        -130.49 |          74.92 |         -93.95 |           nan |
| Income Tax Expense                    |           2.1  |           1.6  |           2.4  |           0.8  |          0.09  |        -35.86  |          -0.25 |          -7.44 |          -2.8  |          -6.4  |           nan |
| Earnings From Continuing Operations   |         119.8  |         136.5  |         123.9  |         117.1  |        122.5   |         41.2   |          23.84 |        -123.05 |          77.73 |         -87.55 |           nan |
| Net Income to Company                 |         119.8  |         136.5  |         123.9  |         117.1  |        122.5   |         41.2   |          23.84 |        -123.05 |          77.73 |         -87.55 |           nan |
| Minority Interest in Earnings         |          36.1  |          31.1  |          15.5  |          10.4  |         10.43  |          9.08  |          10.99 |          28.71 |           3.05 |          23.86 |           nan |
| Net Income                            |         155.9  |         167.6  |         139.4  |         127.5  |        132.93  |         50.28  |          34.82 |         -94.34 |          80.77 |         -63.69 |           nan |
| Net Income to Common                  |         155.9  |         167.6  |         139.4  |         127.5  |        132.93  |         50.28  |          34.82 |         -94.34 |          80.77 |         -63.69 |           nan |
| Net Income Growth                     |          11.84 |          31.45 |           4.87 |         153.58 |        281.74  |        nan     |         -56.89 |         nan    |          -0.64 |         nan    |           nan |
| Shares Outstanding (Basic)            |        1457    |        1445    |        1210    |         959    |        951     |        967     |        1162    |         684    |         899    |         498    |           nan |
| Shares Outstanding (Diluted)          |        1460    |        1445    |        1213    |         959    |        953     |        967     |        1162    |         684    |         900    |         498    |           nan |
| Shares Change (YoY)                   |          20.41 |          50.72 |          27.2  |          -0.85 |        -17.96  |         41.44  |          29.16 |          37.39 |         -21.95 |         148.25 |           nan |
| EPS (Basic)                           |           0.11 |           0.12 |           0.12 |           0.13 |          0.14  |          0.05  |           0.03 |          -0.14 |           0.09 |          -0.13 |           nan |
| EPS (Diluted)                         |           0.11 |           0.12 |           0.12 |           0.13 |          0.14  |          0.05  |           0.03 |          -0.14 |           0.09 |          -0.13 |           nan |
| EPS Growth                            |          -7.02 |         -12.78 |         -17.56 |         155.77 |        365.96  |        nan     |         -66.61 |         nan    |          27.28 |         nan    |           nan |
| Free Cash Flow                        |          44.1  |          39.8  |          49.2  |          24.2  |         32.28  |         13.76  |          20.13 |          17.76 |          54.14 |          21.92 |           nan |
| Free Cash Flow Per Share              |           0.03 |           0.03 |           0.04 |           0.03 |          0.03  |          0.01  |           0.02 |           0.03 |           0.06 |           0.04 |           nan |
| Dividend Per Share                    |         nan    |           0.2  |           0.2  |           0.2  |          0.205 |          0.155 |           0.13 |           0.11 |           0.15 |           0.15 |           nan |
| Dividend Growth                       |         nan    |           0    |          -2.44 |          29.03 |         57.69  |         40.91  |         -13.33 |         -26.67 |          25    |          25    |           nan |
| Operating Margin                      |          -6.95 |          -0.31 |         -18.91 |         -16.05 |        -22.19  |        -27.8   |         -25.72 |         -27.69 |          11.08 |          -5.85 |           nan |
| Free Cash Flow Margin                 |          62.55 |          62.68 |          76.88 |          44.65 |         56.47  |         31.64  |          42.74 |          29.83 |          60.74 |          25.46 |           nan |
| EBITDA                                |          30.6  |          33.5  |          22.3  |          23.1  |         19.53  |         17.17  |          17.1  |          21.74 |          45.31 |          29.81 |           nan |
| D&A For EBITDA                        |          35.5  |          33.7  |          34.4  |          31.8  |         32.22  |         29.26  |          29.21 |          38.23 |          35.44 |          34.85 |           nan |
| EBIT                                  |          -4.9  |          -0.2  |         -12.1  |          -8.7  |        -12.69  |        -12.09  |         -12.11 |         -16.49 |           9.87 |          -5.04 |           nan |
| Revenue as Reported                   |          70.5  |          63.5  |          64    |          54.2  |        nan     |        nan     |         nan    |         nan    |         175.19 |         nan    |           nan |

## ratio quarterly
| Period Ending            |   Current |   Dec 31, 2023 |   Jun 30, 2023 |   Dec 31, 2022 |   Jun 30, 2022 |   Dec 31, 2021 |   Jun 30, 2021 |   Dec 31, 2020 |   Jun 30, 2020 |   Dec 31, 2019 |   Jun 30, 2019 |   +2 Quarters |
|:-------------------------|----------:|---------------:|---------------:|---------------:|---------------:|---------------:|---------------:|---------------:|---------------:|---------------:|---------------:|--------------:|
| Market Capitalization    |   7602    |        8386    |        9010    |        9590    |        7730    |        6636    |        6109    |        6234    |        6348    |        6883    |        5357    |           nan |
| Market Cap Growth        |    -12.56 |         -12.56 |          16.56 |          44.51 |          26.53 |           6.46 |          -3.77 |          -9.43 |          18.5  |          60.92 |          24.38 |           nan |
| Enterprise Value         |   9018    |        9916    |       10223    |       11037    |        9150    |        7983    |        7409    |        7707    |        7109    |        8901    |        7350    |           nan |
| Last Close Price         |      5.24 |           5.56 |           5.78 |           5.96 |           6.59 |           5.49 |           4.94 |           4.93 |           4.93 |           5.83 |           5.64 |           nan |
| PE Ratio                 |     23.5  |          24.95 |          24.99 |          24.01 |          24.16 |          28.64 |          60.25 |         -45.61 |        -102.14 |        -152.37 |         -98.06 |           nan |
| PS Ratio                 |     56.73 |          62.58 |          70.66 |          81.13 |          69.4  |          65.93 |          67.44 |          58.45 |          42.7  |          39.29 |          33.71 |           nan |
| PB Ratio                 |      1.22 |           1.34 |           1.38 |           1.48 |           2.28 |           1.9  |           1.74 |           1.72 |           1.69 |           2.06 |           2.5  |           nan |
| P/FCF Ratio              |     99.95 |          99.95 |         101.23 |         130.65 |         136.85 |         144.14 |         180.28 |         164.51 |          88.29 |          90.5  |         210.62 |           nan |
| P/OCF Ratio              |     99.01 |          99.01 |         100.44 |         129.95 |         133.86 |         139.7  |         173.11 |         158.5  |          99.37 |          90.11 |         152.81 |           nan |
| EV/Sales Ratio           |     67.3  |          74    |          80.18 |          93.37 |          82.15 |          79.31 |          81.79 |          72.26 |          47.82 |          50.81 |          46.26 |           nan |
| EV/EBITDA Ratio          |     23.14 |         154.7  |         183.21 |         243.1  |         214.61 |         217.5  |         216.18 |         198.42 |         106.03 |         118.49 |         127.33 |           nan |
| EV/EBIT Ratio            |     28.14 |       -1944.38 |        -831.17 |        -530.6  |        -427.83 |        -322.24 |        -306.14 |        -269.47 |       -1074.68 |        1841.28 |        -715.85 |           nan |
| EV/FCF Ratio             |    107.48 |         118.19 |         114.87 |         150.36 |         161.99 |         173.4  |         218.64 |         203.39 |          98.88 |         117.03 |         288.97 |           nan |
| Debt / Equity Ratio      |      0.28 |           0.28 |           0.26 |           0.27 |           0.48 |           0.47 |           0.44 |           0.43 |           0.44 |           0.66 |           1.01 |           nan |
| Debt / EBITDA Ratio      |     26.84 |         nan    |         nan    |         nan    |         nan    |         nan    |         nan    |         nan    |         nan    |         nan    |         nan    |           nan |
| Debt / FCF Ratio         |     20.51 |          20.51 |          19.1  |          23.64 |          29.09 |          35.82 |          45.39 |          41.18 |          23.11 |          29.07 |          85.28 |           nan |
| Quick Ratio              |      2.88 |         nan    |         nan    |         nan    |         nan    |         nan    |         nan    |         nan    |         nan    |         nan    |         nan    |           nan |
| Current Ratio            |      2.9  |         nan    |         nan    |         nan    |         nan    |         nan    |         nan    |         nan    |         nan    |         nan    |         nan    |           nan |
| Earnings Yield           |      4.26 |           3.86 |           3.41 |           2.78 |           3.37 |           2.76 |           1.39 |          -0.95 |          -0.21 |           0.25 |           0.33 |           nan |
| FCF Yield                |      1.1  |           1    |           0.99 |           0.77 |           0.73 |           0.69 |           0.55 |           0.61 |           1.13 |           1.1  |           0.47 |           nan |
| Dividend Yield           |      7.78 |         nan    |           6.93 |           6.71 |           6.15 |           6.56 |           5.77 |           4.87 |           5.27 |           5.14 |           4.79 |           nan |
| Payout Ratio             |    179.41 |         nan    |         nan    |         nan    |         nan    |         nan    |         nan    |         nan    |         nan    |         nan    |         nan    |           nan |
| Buyback Yield / Dilution |    -33.79 |         -20.41 |         -50.72 |         -27.2  |           0.85 |          17.96 |         -41.44 |         -29.16 |         -37.39 |          21.95 |        -148.25 |           nan |
| Total Shareholder Return |    -26.01 |         -20.41 |         -43.79 |         -20.49 |           7    |          24.52 |         -35.67 |         -24.29 |         -32.12 |          27.1  |        -143.46 |           nan |

## ratio annually
| Year Ending              |   Current |   Dec 31, 2023 |   Dec 31, 2022 |   Dec 31, 2021 |   Dec 31, 2020 |   Dec 31, 2019 |   2018 - 2013 |
|:-------------------------|----------:|---------------:|---------------:|---------------:|---------------:|---------------:|--------------:|
| Market Capitalization    |   7602    |        8386    |        9590    |        6636    |        6234    |        6883    |           nan |
| Market Cap Growth        |    -12.56 |         -12.56 |          44.51 |           6.46 |          -9.43 |          60.92 |           nan |
| Enterprise Value         |   9018    |        9916    |       11037    |        7983    |        7707    |        8901    |           nan |
| Last Close Price         |      5.24 |           5.56 |           5.96 |           5.49 |           4.93 |           5.83 |           nan |
| PE Ratio                 |     23.5  |          24.95 |          24.22 |          28.73 |         -76.4  |         238.99 |           nan |
| PS Ratio                 |     56.73 |          62.58 |          81.13 |          65.93 |          58.45 |          39.29 |           nan |
| PB Ratio                 |      1.22 |           1.34 |           1.48 |           1.9  |           1.72 |           2.06 |           nan |
| P/FCF Ratio              |     99.95 |          99.95 |         130.65 |         144.14 |         164.51 |          90.5  |           nan |
| P/OCF Ratio              |     99.01 |          99.01 |         129.95 |         139.7  |         158.5  |          90.11 |           nan |
| EV/Sales Ratio           |     67.3  |          74    |          93.37 |          79.31 |          72.26 |          50.81 |           nan |
| EV/EBITDA Ratio          |     23.14 |         154.7  |         243.1  |         217.5  |         198.42 |         118.49 |           nan |
| EV/EBIT Ratio            |     28.14 |       -1944.38 |        -530.6  |        -322.24 |        -269.47 |        1841.28 |           nan |
| EV/FCF Ratio             |    107.48 |         118.19 |         150.36 |         173.4  |         203.39 |         117.03 |           nan |
| Debt / Equity Ratio      |      0.28 |           0.28 |           0.27 |           0.47 |           0.43 |           0.66 |           nan |
| Debt / EBITDA Ratio      |     26.84 |          26.84 |          38.22 |          44.93 |          40.17 |          29.44 |           nan |
| Debt / FCF Ratio         |     20.51 |          20.51 |          23.64 |          35.82 |          41.18 |          29.07 |           nan |
| Asset Turnover           |      0.02 |           0.02 |           0.02 |           0.02 |           0.02 |           0.03 |           nan |
| Quick Ratio              |      2.88 |           2.88 |           4.29 |           2.23 |           3.69 |          15.19 |           nan |
| Current Ratio            |      2.9  |           2.9  |           4.31 |           2.25 |           3.72 |          15.2  |           nan |
| Return on Equity (ROE)   |      4.03 |           4.03 |           4.83 |           4.59 |          -2.84 |          -0.35 |           nan |
| Return on Assets (ROA)   |     -0.04 |          -0.04 |          -0.19 |          -0.3  |          -0.33 |           0.06 |           nan |
| Return on Capital (ROIC) |     -0.04 |          -0.04 |          -0.19 |          -0.3  |          -0.33 |           0.06 |           nan |
| Earnings Yield           |      4.26 |           3.86 |           2.78 |           2.76 |          -0.95 |           0.25 |           nan |
| FCF Yield                |      1.1  |           1    |           0.77 |           0.69 |           0.61 |           1.1  |           nan |
| Dividend Yield           |      7.78 |         nan    |           6.71 |           6.56 |           4.87 |           5.14 |           nan |
| Payout Ratio             |    179.41 |         179.41 |         145.52 |         149.18 |         nan    |         888.13 |           nan |
| Buyback Yield / Dilution |    -33.79 |         -33.79 |         -13.08 |          -4.04 |         -32.09 |          -3.26 |           nan |
| Total Shareholder Return |    -26.01 |         -33.79 |          -6.36 |           2.52 |         -27.22 |           1.89 |           nan |

## cash flow quarterly
| Period Ending                         |   Dec 31, 2023 |   Jun 30, 2023 |   Dec 31, 2022 |   Jun 30, 2022 |   Dec 31, 2021 |   Jun 30, 2021 |   Dec 31, 2020 |   Jun 30, 2020 |   Dec 31, 2019 |   Jun 30, 2019 |   +2 Quarters |
|:--------------------------------------|---------------:|---------------:|---------------:|---------------:|---------------:|---------------:|---------------:|---------------:|---------------:|---------------:|--------------:|
| Net Income                            |         155.9  |         167.6  |         139.4  |         127.5  |         132.93 |          50.28 |          34.82 |         -94.34 |          80.77 |         -63.69 |           nan |
| Depreciation & Amortization           |          35.5  |          33.7  |          34.4  |          31.8  |          32.22 |          29.26 |          29.21 |          38.23 |          35.44 |          34.85 |           nan |
| Other Amortization                    |           0.2  |         nan    |           0.2  |         nan    |           0.08 |         nan    |           0.8  |         nan    |           2.82 |         nan    |           nan |
| Asset Writedown & Restructuring Costs |         nan    |         nan    |         nan    |         nan    |         nan    |         nan    |         143.9  |         nan    |         165.43 |         nan    |           nan |
| Loss (Gain) on Equity Investments     |        -325.6  |         nan    |        -336.4  |         nan    |        -284.05 |         nan    |        -152.68 |         nan    |        -254.87 |         nan    |           nan |
| Stock-Based Compensation              |         nan    |         nan    |         nan    |         nan    |         nan    |         nan    |           2.15 |         nan    |           2.06 |         nan    |           nan |
| Provision & Write-off of Bad Debts    |         nan    |         nan    |         nan    |         nan    |         nan    |         nan    |         nan    |         nan    |           0.02 |         nan    |           nan |
| Other Operating Activities            |         172    |        -161    |         198.1  |        -134.9  |         177.14 |         -65.38 |         -34.07 |          74.31 |         152.31 |          59.55 |           nan |
| Change in Accounts Receivable         |           2    |         nan    |          -1.6  |         nan    |          -0.7  |         nan    |           0.17 |         nan    |        -138.1  |         nan    |           nan |
| Change in Accounts Payable            |          -0.4  |         nan    |           2.2  |         nan    |           5.27 |         nan    |          -2.02 |         nan    |          -0.19 |         nan    |           nan |
| Change in Other Net Operating Assets  |           1.1  |         nan    |          10    |         nan    |           6.23 |         nan    |         nan    |         nan    |         nan    |         nan    |           nan |
| Operating Cash Flow                   |          44.4  |          40.3  |          49.4  |          24.4  |          33.35 |          14.16 |          21.13 |          18.2  |          45.68 |          30.7  |           nan |
| Operating Cash Flow Growth            |         -10.12 |          65.16 |          48.15 |          72.3  |          57.82 |         -22.19 |         -53.75 |         -40.72 |         948.91 |          63.43 |           nan |
| Capital Expenditures                  |          -0.3  |          -0.5  |          -0.2  |          -0.2  |          -1.06 |          -0.41 |          -1    |          -0.44 |           8.46 |          -8.79 |           nan |
| Sale of Property, Plant & Equipment   |         nan    |         nan    |         nan    |         nan    |         nan    |         nan    |         nan    |         nan    |           0    |           0.02 |           nan |
| Sale (Purchase) of Intangibles        |         nan    |         nan    |         nan    |         nan    |          -0.01 |          -0.2  |          -4.73 |          -4.37 |         -15.42 |         nan    |           nan |
| Investment in Securities              |         392    |         222.1  |       -2813.3  |         208.1  |         154.65 |         151.07 |         102.45 |       -1065.87 |         114.81 |         123.44 |           nan |
| Other Investing Activities            |           9.1  |           9.3  |         nan    |         nan    |           1.05 |          -1.05 |          -0.01 |          -2.71 |          -0.05 |         nan    |           nan |
| Investing Cash Flow                   |         400.8  |         230.9  |       -2813.5  |         207.9  |         154.63 |         149.42 |          96.71 |       -1073.39 |         107.79 |         114.67 |           nan |
| Long-Term Debt Issued                 |         nan    |         nan    |         nan    |         nan    |         nan    |         171.95 |         nan    |         nan    |         nan    |         nan    |           nan |
| Total Debt Issued                     |         nan    |         nan    |         nan    |         nan    |           4.18 |         171.95 |         nan    |         nan    |         nan    |         nan    |           nan |
| Long-Term Debt Repaid                 |         nan    |        -100.8  |         nan    |         -93.1  |         nan    |        -280.77 |         nan    |        -626.84 |         nan    |         -86.43 |           nan |
| Total Debt Repaid                     |          -2.3  |        -100.8  |          -4    |         -93.1  |          -6.56 |        -280.77 |           6.92 |        -626.84 |         -18.86 |         -86.43 |           nan |
| Net Debt Issued (Repaid)              |          -2.3  |        -100.8  |          -4    |         -93.1  |          -2.38 |        -108.82 |           6.92 |        -626.84 |         -18.86 |         -86.43 |           nan |
| Issuance of Common Stock              |         nan    |         nan    |        3043    |         nan    |         nan    |         nan    |          71.64 |         412.29 |        1324    |         nan    |           nan |
| Common Dividends Paid                 |        -290.2  |        -290.2  |        -191.8  |        -196.6  |        -148.65 |        -124.67 |        -105.49 |         nan    |        -102.51 |         -49.2  |           nan |
| Other Financing Activities            |          -8.2  |           9.6  |          -7.7  |          23.2  |          -2.06 |           4.39 |          -9.03 |           3.88 |         -56.9  |           6.85 |           nan |
| Financing Cash Flow                   |        -300.7  |        -381.4  |        2840    |        -266.5  |        -153.09 |        -229.1  |         -35.96 |        -210.66 |        1146    |        -182.07 |           nan |
| Foreign Exchange Rate Adjustments     |          -8.6  |           3.7  |           3.4  |           1.5  |           3.43 |          -3.75 |         -10.27 |           4.35 |          -0.14 |           1.22 |           nan |
| Net Cash Flow                         |         135.9  |        -106.5  |          79.2  |         -32.7  |          38.31 |         -69.27 |          71.62 |       -1261.5  |        1299    |         -35.48 |           nan |
| Free Cash Flow                        |          44.1  |          39.8  |          49.2  |          24.2  |          32.28 |          13.76 |          20.13 |          17.76 |          54.14 |          21.92 |           nan |
| Free Cash Flow Growth                 |         -10.37 |          64.46 |          52.4  |          75.92 |          60.38 |         -22.55 |         -62.82 |         -18.96 |        1438.86 |          18.34 |           nan |
| Free Cash Flow Margin                 |          62.55 |          62.68 |          76.88 |          44.65 |          56.47 |          31.64 |          42.74 |          29.83 |          60.74 |          25.46 |           nan |
| Free Cash Flow Per Share              |           0.03 |           0.03 |           0.04 |           0.03 |           0.03 |           0.01 |           0.02 |           0.03 |           0.06 |           0.04 |           nan |
| Cash Interest Paid                    |           4.8  |           4.3  |           3.6  |           3.5  |           3.61 |           3.87 |          14.62 |         nan    |         nan    |         nan    |           nan |
| Cash Income Tax Paid                  |           2.8  |         nan    |           2.7  |         nan    |         nan    |         nan    |           0    |         nan    |           0.05 |          -0.07 |           nan |
| Levered Free Cash Flow                |         -27.25 |          -0.21 |           7.33 |           1.73 |          -1.06 |         -10.65 |         -20.31 |          96.42 |        -116    |          -7.21 |           nan |
| Unlevered Free Cash Flow              |           2.92 |          28.79 |          36.19 |          28.29 |          24.4  |          15.02 |           5.81 |         131.03 |         -88.34 |          27.65 |           nan |

## balance sheet quarterly
| Period Ending                      |   Dec 31, 2023 |   Jun 30, 2023 |   Dec 31, 2022 |   Jun 30, 2022 |   Dec 31, 2021 |   Jun 30, 2021 |   Dec 31, 2020 |   Jun 30, 2020 |   Dec 31, 2019 |   Jun 30, 2019 |   +2 Quarters |
|:-----------------------------------|---------------:|---------------:|---------------:|---------------:|---------------:|---------------:|---------------:|---------------:|---------------:|---------------:|--------------:|
| Cash & Equivalents                 |         305.3  |         169.4  |         275.9  |         196.75 |         229.39 |         191.08 |         260.34 |         188.72 |        1450    |         150.99 |           nan |
| Short-Term Investments             |         nan    |         nan    |         245.8  |         nan    |         nan    |         nan    |         nan    |         nan    |         nan    |         nan    |           nan |
| Cash & Short-Term Investments      |         305.3  |         169.4  |         521.7  |         196.75 |         229.39 |         191.08 |         260.34 |         188.72 |        1450    |         150.99 |           nan |
| Cash Growth                        |         -41.48 |         -13.9  |         127.43 |           2.97 |         -11.89 |           1.25 |         -82.05 |          24.99 |         677.73 |          -3.19 |           nan |
| Accounts Receivable                |           5.3  |         nan    |           5.1  |         nan    |           5.61 |         nan    |           4.73 |           5.19 |         142.27 |           1.02 |           nan |
| Other Receivables                  |          31.4  |         nan    |           4.2  |         nan    |           7.64 |         nan    |           0.95 |           0.67 |           0.13 |           0.18 |           nan |
| Receivables                        |          36.7  |         nan    |           9.3  |         nan    |          13.25 |         nan    |           5.68 |           5.86 |         142.4  |           1.2  |           nan |
| Prepaid Expenses                   |           3.1  |         nan    |           2.5  |         nan    |           2.55 |         nan    |           1.62 |         nan    |           0.99 |           1.3  |           nan |
| Other Current Assets               |         nan    |          10.2  |         nan    |           9.75 |         nan    |          11.61 |         nan    |         nan    |         nan    |         nan    |           nan |
| Total Current Assets               |         345.1  |         179.6  |         533.5  |         206.5  |         245.19 |         202.68 |         267.64 |         194.58 |        1594    |         153.48 |           nan |
| Property, Plant & Equipment        |          14.8  |          15.8  |          15.7  |          16.35 |          16.92 |          12.29 |          13.27 |          12.09 |          11.25 |          11.74 |           nan |
| Long-Term Investments              |        5342    |        5721    |        5350    |        2499    |        2592    |        2590    |        2685    |        2739    |        1364    |        1572    |           nan |
| Goodwill                           |          14.3  |          14.5  |          13.8  |          13.39 |          13.72 |          13.9  |          14.09 |          14.38 |          14.05 |          14.24 |           nan |
| Other Intangible Assets            |        2104    |        2195    |        2168    |        2167    |        2101    |        2065    |        2064    |        2315    |        2439    |        2464    |           nan |
| Long-Term Deferred Tax Assets      |          20.4  |          22.1  |          21.8  |          22.98 |          23.54 |          23.64 |         nan    |         nan    |         nan    |         nan    |           nan |
| Other Long-Term Assets             |         205    |         207    |         215.7  |         210.47 |         226.4  |         219.68 |         224.23 |         255.53 |         254.15 |         197.73 |           nan |
| Total Assets                       |        8045    |        8355    |        8319    |        5135    |        5219    |        5127    |        5269    |        5530    |        5675    |        4414    |           nan |
| Accounts Payable                   |           7.8  |         nan    |          14.5  |         nan    |           8.08 |         nan    |           9.77 |         nan    |          12.36 |           8.56 |           nan |
| Accrued Expenses                   |           8.8  |         nan    |           8.4  |         nan    |           7.77 |         nan    |           5.1  |         nan    |          10.04 |          25.44 |           nan |
| Current Portion of Long-Term Debt  |         101.4  |         104.3  |         100.1  |          98.71 |          92.3  |          88.93 |          55.73 |          58.6  |          48.37 |          45.19 |           nan |
| Current Portion of Leases          |           0.3  |         nan    |           0.3  |         nan    |           0.45 |         nan    |           1.26 |         nan    |           1.05 |           1.16 |           nan |
| Current Income Taxes Payable       |           0.5  |         nan    |           0.4  |         nan    |           0.36 |         nan    |           0.17 |         nan    |           2.48 |           2.46 |           nan |
| Other Current Liabilities          |         nan    |          17.4  |         nan    |          12.3  |         nan    |          13.26 |         nan    |          25.85 |          30.58 |           3.15 |           nan |
| Total Current Liabilities          |         118.8  |         121.7  |         123.7  |         111.01 |         108.96 |         102.19 |          72.03 |          84.45 |         104.88 |          85.95 |           nan |
| Long-Term Debt                     |        1594    |        1596    |        1609    |        1545    |        1532    |        1449    |        1483    |        1603    |        2142    |        2103    |           nan |
| Long-Term Leases                   |          25.2  |         nan    |          25.5  |         nan    |          24.49 |         nan    |          19.92 |         nan    |          19.6  |          19.4  |           nan |
| Long-Term Deferred Tax Liabilities |          34.2  |          34.6  |          33    |          32.24 |          29.7  |          28.05 |          40.4  |          44.48 |          50.54 |          51.41 |           nan |
| Other Long-Term Liabilities        |          37.3  |          62.6  |          36.4  |          55.08 |          25.98 |          40.52 |          18.95 |          38.6  |          14.75 |          14.96 |           nan |
| Total Liabilities                  |        1809    |        1815    |        1828    |        1743    |        1721    |        1620    |        1635    |        1771    |        2332    |        2275    |           nan |
| Common Stock                       |        6985    |        6985    |        6985    |        3950    |        3950    |        3950    |        3950    |        3875    |        3463    |        2140    |           nan |
| Retained Earnings                  |        -910.6  |        -740.2  |        -586.5  |        -518.63 |        -439.14 |        -427.68 |        -329.09 |        -278.53 |        -267.21 |        -185.61 |           nan |
| Comprensive Income & Other         |         161.2  |         295.7  |          92    |         -38.63 |         -12.69 |         -15.37 |          13.6  |         163.49 |         147.64 |         184.28 |           nan |
| Shareholders' Equity               |        6236    |        6541    |        6491    |        3393    |        3498    |        3507    |        3634    |        3760    |        3344    |        2139    |           nan |
| Total Liabilities & Equity         |        8045    |        8355    |        8319    |        5135    |        5219    |        5127    |        5269    |        5530    |        5675    |        4414    |           nan |
| Total Debt                         |        1721    |        1700    |        1735    |        1643    |        1649    |        1538    |        1560    |        1662    |        2211    |        2169    |           nan |
| Net Cash (Debt)                    |       -1415.2  |       -1530.5  |       -1213.6  |       -1446.56 |       -1419.91 |       -1347.01 |       -1299.85 |       -1473    |        -760.93 |       -2017.97 |           nan |
| Net Cash Per Share                 |          -0.97 |          -1.06 |          -1    |          -1.51 |          -1.49 |          -1.39 |          -1.12 |          -2.15 |          -0.85 |          -4.06 |           nan |
| Filing Date Shares Outstanding     |        1451    |        1445    |        1451    |         958.65 |         959.02 |         959.02 |         959.02 |         946.92 |         879.03 |         683.27 |           nan |
| Total Common Shares Outstanding    |        1451    |        1445    |        1451    |         958.65 |         959.02 |         959.02 |         959.02 |         946.92 |         879.03 |         683.27 |           nan |
| Working Capital                    |         226.3  |          57.9  |         409.8  |          95.49 |         136.22 |         100.49 |         195.62 |         110.14 |        1489    |          67.53 |           nan |
| Book Value Per Share               |           4.3  |           4.53 |           4.47 |           3.54 |           3.65 |           3.66 |           3.79 |           3.97 |           3.8  |           3.13 |           nan |
| Tangible Book Value                |        4118    |        4331    |        4309    |        1212    |        1383    |        1428    |        1556    |        1430    |         890.94 |        -339.66 |           nan |
| Tangible Book Value Per Share      |           2.84 |           3    |           2.97 |           1.26 |           1.44 |           1.49 |           1.62 |           1.51 |           1.01 |          -0.5  |           nan |

## balance sheet annually
| Year Ending                        |      TTM |   Dec 31, 2023 |   Dec 31, 2022 |   Dec 31, 2021 |   Dec 31, 2020 |   Dec 31, 2019 |   2018 - 2013 |
|:-----------------------------------|---------:|---------------:|---------------:|---------------:|---------------:|---------------:|--------------:|
| Cash & Equivalents                 |   305.3  |         305.3  |         275.9  |         229.39 |         260.34 |        1450    |           nan |
| Short-Term Investments             |   nan    |         nan    |         245.8  |         nan    |         nan    |         nan    |           nan |
| Cash & Short-Term Investments      |   305.3  |         305.3  |         521.7  |         229.39 |         260.34 |        1450    |           nan |
| Cash Growth                        |   -41.48 |         -41.48 |         127.43 |         -11.89 |         -82.05 |         677.73 |           nan |
| Accounts Receivable                |     5.3  |           5.3  |           5.1  |           5.61 |           4.73 |         142.27 |           nan |
| Other Receivables                  |    31.4  |          31.4  |           4.2  |           7.64 |           0.95 |           0.13 |           nan |
| Receivables                        |    36.7  |          36.7  |           9.3  |          13.25 |           5.68 |         142.4  |           nan |
| Prepaid Expenses                   |     3.1  |           3.1  |           2.5  |           2.55 |           1.62 |           0.99 |           nan |
| Total Current Assets               |   345.1  |         345.1  |         533.5  |         245.19 |         267.64 |        1594    |           nan |
| Property, Plant & Equipment        |    14.8  |          14.8  |          15.7  |          16.92 |          13.27 |          11.25 |           nan |
| Long-Term Investments              |  5342    |        5342    |        5350    |        2592    |        2685    |        1364    |           nan |
| Goodwill                           |    14.3  |          14.3  |          13.8  |          13.72 |          14.09 |          14.05 |           nan |
| Other Intangible Assets            |  2104    |        2104    |        2168    |        2101    |        2064    |        2439    |           nan |
| Long-Term Deferred Tax Assets      |    20.4  |          20.4  |          21.8  |          23.54 |         nan    |         nan    |           nan |
| Other Long-Term Assets             |   205    |         205    |         215.7  |         226.4  |         224.23 |         254.15 |           nan |
| Total Assets                       |  8045    |        8045    |        8319    |        5219    |        5269    |        5675    |           nan |
| Accounts Payable                   |     7.8  |           7.8  |          14.5  |           8.08 |           9.77 |          12.36 |           nan |
| Accrued Expenses                   |     8.8  |           8.8  |           8.4  |           7.77 |           5.1  |          10.04 |           nan |
| Current Portion of Long-Term Debt  |   101.4  |         101.4  |         100.1  |          92.3  |          55.73 |          48.37 |           nan |
| Current Portion of Leases          |     0.3  |           0.3  |           0.3  |           0.45 |           1.26 |           1.05 |           nan |
| Current Income Taxes Payable       |     0.5  |           0.5  |           0.4  |           0.36 |           0.17 |           2.48 |           nan |
| Other Current Liabilities          |   nan    |         nan    |         nan    |         nan    |         nan    |          30.58 |           nan |
| Total Current Liabilities          |   118.8  |         118.8  |         123.7  |         108.96 |          72.03 |         104.88 |           nan |
| Long-Term Debt                     |  1594    |        1594    |        1609    |        1532    |        1483    |        2142    |           nan |
| Long-Term Leases                   |    25.2  |          25.2  |          25.5  |          24.49 |          19.92 |          19.6  |           nan |
| Long-Term Deferred Tax Liabilities |    34.2  |          34.2  |          33    |          29.7  |          40.4  |          50.54 |           nan |
| Other Long-Term Liabilities        |    37.3  |          37.3  |          36.4  |          25.98 |          18.95 |          14.75 |           nan |
| Total Liabilities                  |  1809    |        1809    |        1828    |        1721    |        1635    |        2332    |           nan |
| Common Stock                       |  6985    |        6985    |        6985    |        3950    |        3950    |        3463    |           nan |
| Retained Earnings                  |  -910.6  |        -910.6  |        -586.5  |        -439.14 |        -329.09 |        -267.21 |           nan |
| Comprensive Income & Other         |   161.2  |         161.2  |          92    |         -12.69 |          13.6  |         147.64 |           nan |
| Shareholders' Equity               |  6236    |        6236    |        6491    |        3498    |        3634    |        3344    |           nan |
| Total Liabilities & Equity         |  8045    |        8045    |        8319    |        5219    |        5269    |        5675    |           nan |
| Total Debt                         |  1721    |        1721    |        1735    |        1649    |        1560    |        2211    |           nan |
| Net Cash (Debt)                    | -1415.2  |       -1415.2  |       -1213.6  |       -1419.91 |       -1299.85 |        -760.93 |           nan |
| Net Cash Per Share                 |    -0.97 |          -0.97 |          -1.12 |          -1.48 |          -1.41 |          -1.09 |           nan |
| Filing Date Shares Outstanding     |  1451    |        1451    |        1451    |         959.02 |         959.02 |         879.03 |           nan |
| Total Common Shares Outstanding    |  1451    |        1451    |        1451    |         959.02 |         959.02 |         879.03 |           nan |
| Working Capital                    |   226.3  |         226.3  |         409.8  |         136.22 |         195.62 |        1489    |           nan |
| Book Value Per Share               |     4.3  |           4.3  |           4.47 |           3.65 |           3.79 |           3.8  |           nan |
| Tangible Book Value                |  4118    |        4118    |        4309    |        1383    |        1556    |         890.94 |           nan |
| Tangible Book Value Per Share      |     2.84 |           2.84 |           2.97 |           1.44 |           1.62 |           1.01 |           nan |

## cash flow annually
| Year Ending                           |     TTM |   Dec 31, 2023 |   Dec 31, 2022 |   Dec 31, 2021 |   Dec 31, 2020 |   Dec 31, 2019 |   2018 - 2013 |
|:--------------------------------------|--------:|---------------:|---------------:|---------------:|---------------:|---------------:|--------------:|
| Net Income                            |  323.5  |         323.5  |         266.9  |         183.21 |         -59.52 |          17.08 |           nan |
| Depreciation & Amortization           |   69.2  |          69.2  |          66.2  |          61.48 |          67.44 |          70.28 |           nan |
| Other Amortization                    |    0.2  |           0.2  |           0.2  |           0.08 |           0.8  |           2.82 |           nan |
| Asset Writedown & Restructuring Costs |  nan    |         nan    |         nan    |         nan    |         143.9  |         165.43 |           nan |
| Loss (Gain) on Equity Investments     | -325.6  |        -325.6  |        -336.4  |        -284.05 |        -152.68 |        -254.87 |           nan |
| Stock-Based Compensation              |  nan    |         nan    |         nan    |         nan    |           2.15 |           2.06 |           nan |
| Provision & Write-off of Bad Debts    |  nan    |         nan    |         nan    |         nan    |         nan    |           0.02 |           nan |
| Other Operating Activities            |   11    |          11    |          63.2  |         111.76 |          40.25 |         211.85 |           nan |
| Change in Accounts Receivable         |    2    |           2    |          -1.6  |          -0.7  |           0.17 |        -138.1  |           nan |
| Change in Accounts Payable            |   -0.4  |          -0.4  |           2.2  |           5.27 |          -2.02 |          -0.19 |           nan |
| Change in Other Net Operating Assets  |    1.1  |           1.1  |          10    |           6.23 |         nan    |         nan    |           nan |
| Operating Cash Flow                   |   84.7  |          84.7  |          73.8  |          47.51 |          39.33 |          76.38 |           nan |
| Operating Cash Flow Growth            |   14.77 |          14.77 |          55.35 |          20.79 |         -48.51 |         230.08 |           nan |
| Capital Expenditures                  |   -0.8  |          -0.8  |          -0.4  |          -1.47 |          -1.44 |          -0.33 |           nan |
| Sale of Property, Plant & Equipment   |  nan    |         nan    |         nan    |         nan    |         nan    |           0.02 |           nan |
| Sale (Purchase) of Intangibles        |  nan    |         nan    |         nan    |          -0.21 |          -9.1  |         -15.42 |           nan |
| Investment in Securities              |  614.1  |         614.1  |       -2605.2  |         305.72 |        -963.42 |         238.25 |           nan |
| Other Investing Activities            |   18.4  |          18.4  |         nan    |         nan    |          -2.71 |          -0.05 |           nan |
| Investing Cash Flow                   |  631.7  |         631.7  |       -2605.6  |         304.05 |        -976.67 |         222.46 |           nan |
| Long-Term Debt Issued                 |  nan    |         nan    |         nan    |         176.14 |         nan    |         nan    |           nan |
| Long-Term Debt Repaid                 | -103.1  |        -103.1  |         -97.1  |        -287.33 |        -619.92 |        -105.29 |           nan |
| Total Debt Repaid                     | -103.1  |         nan    |         nan    |         nan    |         nan    |         nan    |           nan |
| Net Debt Issued (Repaid)              | -103.1  |        -103.1  |         -97.1  |        -111.19 |        -619.92 |        -105.29 |           nan |
| Issuance of Common Stock              |  nan    |         nan    |        3043    |         nan    |         483.94 |        1324    |           nan |
| Common Dividends Paid                 | -580.4  |        -580.4  |        -388.4  |        -273.32 |        -105.49 |        -151.7  |           nan |
| Other Financing Activities            |    1.4  |           1.4  |          15.5  |           2.33 |          -5.15 |         -50.05 |           nan |
| Financing Cash Flow                   | -682.1  |        -682.1  |        2573    |        -382.19 |        -246.62 |         963.84 |           nan |
| Foreign Exchange Rate Adjustments     |   -4.9  |          -4.9  |           4.9  |          -0.32 |          -5.92 |           1.08 |           nan |
| Net Cash Flow                         |   29.4  |          29.4  |          46.5  |         -30.95 |       -1189.88 |        1264    |           nan |
| Free Cash Flow                        |   83.9  |          83.9  |          73.4  |          46.04 |          37.89 |          76.05 |           nan |
| Free Cash Flow Growth                 |   14.31 |          14.31 |          59.43 |          21.51 |         -50.18 |         245.1  |           nan |
| Free Cash Flow Margin                 |   62.61 |          62.61 |          62.1  |          45.74 |          35.53 |          43.41 |           nan |
| Free Cash Flow Per Share              |    0.06 |           0.06 |           0.07 |           0.05 |           0.04 |           0.11 |           nan |
| Cash Interest Paid                    |    9.1  |           9.1  |           7.1  |           7.48 |          14.62 |         nan    |           nan |
| Cash Income Tax Paid                  |    2.8  |           2.8  |           2.7  |         nan    |           0    |          -0.02 |           nan |
| Levered Free Cash Flow                |  -27.46 |         -27.46 |           9.06 |         -11.71 |          76.11 |        -123.21 |           nan |
| Unlevered Free Cash Flow              |   31.71 |          31.71 |          64.48 |          39.41 |         136.85 |         -60.68 |           nan |
| Change in Net Working Capital         |   34.2  |          34.2  |         -11.08 |           7.33 |         -95.68 |         120.3  |           nan |

## income quarterly
| Period Ending                         |   Dec 31, 2023 |   Jun 30, 2023 |   Dec 31, 2022 |   Jun 30, 2022 |   Dec 31, 2021 |   Jun 30, 2021 |   Dec 31, 2020 |   Jun 30, 2020 |   Dec 31, 2019 |   Jun 30, 2019 |   +2 Quarters |
|:--------------------------------------|---------------:|---------------:|---------------:|---------------:|---------------:|---------------:|---------------:|---------------:|---------------:|---------------:|--------------:|
| Operating Revenue                     |          70.1  |          63.1  |          62.9  |          53.8  |         57.17  |         43.48  |          47.1  |          59.55 |          89.12 |          86.07 |           nan |
| Other Revenue                         |           0.4  |           0.4  |           1.1  |           0.4  |        nan     |        nan     |         nan    |         nan    |         nan    |         nan    |           nan |
| Revenue                               |          70.5  |          63.5  |          64    |          54.2  |         57.17  |         43.48  |          47.1  |          59.55 |          89.12 |          86.07 |           nan |
| Revenue Growth (YoY)                  |          10.16 |          17.16 |          11.94 |          24.65 |         21.39  |        -26.98  |         -47.15 |         -30.81 |          22.39 |          44.51 |           nan |
| Cost of Revenue                       |          24.8  |          18.7  |          27.1  |          19.5  |         26.73  |         21.35  |          21.46 |          29.2  |          27.13 |          31.21 |           nan |
| Gross Profit                          |          45.7  |          44.8  |          36.9  |          34.7  |         30.44  |         22.13  |          25.64 |          30.35 |          61.99 |          54.86 |           nan |
| Selling, General & Admin              |           5.9  |           2.2  |           5    |           2.3  |          4.46  |          0.29  |           2.76 |           4.75 |          12.84 |          21.06 |           nan |
| Depreciation & Amortization           |          35.5  |          33.7  |          34.4  |          31.8  |         32.22  |         29.26  |          29.21 |          38.23 |          35.44 |          34.85 |           nan |
| Other Operating Expenses              |           9.2  |           9.1  |           9.6  |           9.3  |          6.45  |          4.67  |           5.78 |           3.85 |           3.85 |           4    |           nan |
| Operating Expenses                    |          50.6  |          45    |          49    |          43.4  |         43.13  |         34.22  |          37.75 |          46.83 |          52.12 |          59.9  |           nan |
| Operating Income                      |          -4.9  |          -0.2  |         -12.1  |          -8.7  |        -12.69  |        -12.09  |         -12.11 |         -16.49 |           9.87 |          -5.04 |           nan |
| Interest Expense                      |         -48.6  |         -46.4  |         -46.5  |         -42.5  |        -40.86  |        -41.07  |         -43.08 |         -55.38 |         -48.78 |         -55.78 |           nan |
| Interest & Investment Income          |           1.2  |          16.9  |          16.5  |           0.5  |        nan     |        nan     |         nan    |         nan    |         nan    |         nan    |           nan |
| Earnings From Equity Investments      |         157.8  |         167.8  |         167.8  |         168.6  |        175.42  |        108.63  |          72.85 |          79.83 |         125.14 |         129.74 |           nan |
| Currency Exchange Gain (Loss)         |          -1.5  |         nan    |           4.4  |         nan    |          1.02  |          0.02  |          -3.28 |          13.03 |          -0.99 |         nan    |           nan |
| Other Non Operating Income (Expenses) |          17.9  |         nan    |           9.6  |         nan    |          0.14  |          0.49  |           1.08 |           0.56 |          -7.75 |         nan    |           nan |
| EBT Excluding Unusual Items           |         121.9  |         138.1  |         139.7  |         117.9  |        123.04  |         55.99  |          15.45 |          21.54 |          77.49 |          68.92 |           nan |
| Merger & Restructuring Charges        |         nan    |         nan    |         -13.4  |         nan    |        nan     |        nan     |         nan    |         nan    |         nan    |         nan    |           nan |
| Impairment of Goodwill                |         nan    |         nan    |         nan    |         nan    |        nan     |        nan     |         nan    |         nan    |          -1.02 |         -65    |           nan |
| Asset Writedown                       |         nan    |         nan    |         nan    |         nan    |        nan     |        nan     |           8.14 |        -152.03 |          -1.54 |         -97.86 |           nan |
| Other Unusual Items                   |         nan    |         nan    |         nan    |         nan    |         -0.45  |        -50.64  |         nan    |         nan    |         nan    |         nan    |           nan |
| Pretax Income                         |         121.9  |         138.1  |         126.3  |         117.9  |        122.59  |          5.35  |          23.59 |        -130.49 |          74.92 |         -93.95 |           nan |
| Income Tax Expense                    |           2.1  |           1.6  |           2.4  |           0.8  |          0.09  |        -35.86  |          -0.25 |          -7.44 |          -2.8  |          -6.4  |           nan |
| Earnings From Continuing Operations   |         119.8  |         136.5  |         123.9  |         117.1  |        122.5   |         41.2   |          23.84 |        -123.05 |          77.73 |         -87.55 |           nan |
| Net Income to Company                 |         119.8  |         136.5  |         123.9  |         117.1  |        122.5   |         41.2   |          23.84 |        -123.05 |          77.73 |         -87.55 |           nan |
| Minority Interest in Earnings         |          36.1  |          31.1  |          15.5  |          10.4  |         10.43  |          9.08  |          10.99 |          28.71 |           3.05 |          23.86 |           nan |
| Net Income                            |         155.9  |         167.6  |         139.4  |         127.5  |        132.93  |         50.28  |          34.82 |         -94.34 |          80.77 |         -63.69 |           nan |
| Net Income to Common                  |         155.9  |         167.6  |         139.4  |         127.5  |        132.93  |         50.28  |          34.82 |         -94.34 |          80.77 |         -63.69 |           nan |
| Net Income Growth                     |          11.84 |          31.45 |           4.87 |         153.58 |        281.74  |        nan     |         -56.89 |         nan    |          -0.64 |         nan    |           nan |
| Shares Outstanding (Basic)            |        1457    |        1445    |        1210    |         959    |        951     |        967     |        1162    |         684    |         899    |         498    |           nan |
| Shares Outstanding (Diluted)          |        1460    |        1445    |        1213    |         959    |        953     |        967     |        1162    |         684    |         900    |         498    |           nan |
| Shares Change (YoY)                   |          20.41 |          50.72 |          27.2  |          -0.85 |        -17.96  |         41.44  |          29.16 |          37.39 |         -21.95 |         148.25 |           nan |
| EPS (Basic)                           |           0.11 |           0.12 |           0.12 |           0.13 |          0.14  |          0.05  |           0.03 |          -0.14 |           0.09 |          -0.13 |           nan |
| EPS (Diluted)                         |           0.11 |           0.12 |           0.12 |           0.13 |          0.14  |          0.05  |           0.03 |          -0.14 |           0.09 |          -0.13 |           nan |
| EPS Growth                            |          -7.02 |         -12.78 |         -17.56 |         155.77 |        365.96  |        nan     |         -66.61 |         nan    |          27.28 |         nan    |           nan |
| Free Cash Flow                        |          44.1  |          39.8  |          49.2  |          24.2  |         32.28  |         13.76  |          20.13 |          17.76 |          54.14 |          21.92 |           nan |
| Free Cash Flow Per Share              |           0.03 |           0.03 |           0.04 |           0.03 |          0.03  |          0.01  |           0.02 |           0.03 |           0.06 |           0.04 |           nan |
| Dividend Per Share                    |         nan    |           0.2  |           0.2  |           0.2  |          0.205 |          0.155 |           0.13 |           0.11 |           0.15 |           0.15 |           nan |
| Dividend Growth                       |         nan    |           0    |          -2.44 |          29.03 |         57.69  |         40.91  |         -13.33 |         -26.67 |          25    |          25    |           nan |
| Operating Margin                      |          -6.95 |          -0.31 |         -18.91 |         -16.05 |        -22.19  |        -27.8   |         -25.72 |         -27.69 |          11.08 |          -5.85 |           nan |
| Profit Margin                         |         221.13 |         263.94 |         217.81 |         235.24 |        232.5   |        115.63  |          73.93 |        -158.42 |          90.63 |         -74    |           nan |
| Free Cash Flow Margin                 |          62.55 |          62.68 |          76.88 |          44.65 |         56.47  |         31.64  |          42.74 |          29.83 |          60.74 |          25.46 |           nan |
| EBITDA                                |          30.6  |          33.5  |          22.3  |          23.1  |         19.53  |         17.17  |          17.1  |          21.74 |          45.31 |          29.81 |           nan |
| D&A For EBITDA                        |          35.5  |          33.7  |          34.4  |          31.8  |         32.22  |         29.26  |          29.21 |          38.23 |          35.44 |          34.85 |           nan |
| EBIT                                  |          -4.9  |          -0.2  |         -12.1  |          -8.7  |        -12.69  |        -12.09  |         -12.11 |         -16.49 |           9.87 |          -5.04 |           nan |
| Revenue as Reported                   |          70.5  |          63.5  |          64    |          54.2  |        nan     |        nan     |         nan    |         nan    |         175.19 |         nan    |           nan |

