## ratio quarterly
| Period Ending            |   Current |   Dec 31, 2023 |   Jun 30, 2023 |   Dec 31, 2022 |   Jun 30, 2022 |   Dec 31, 2021 |   Jun 30, 2021 |   Dec 31, 2020 |
|:-------------------------|----------:|---------------:|---------------:|---------------:|---------------:|---------------:|---------------:|---------------:|
| Market Capitalization    |  10884    |       10773    |       11418    |        9971    |       10033    |         nan    |         nan    |            nan |
| Market Cap Growth        |      8.04 |           8.04 |          13.8  |         nan    |         nan    |         nan    |         nan    |            nan |
| Enterprise Value         |  12599    |       12578    |       12982    |       11915    |       12184    |         nan    |         nan    |            nan |
| Last Close Price         |      4.89 |           4.76 |           4.99 |           4.28 |           4.32 |         nan    |         nan    |            nan |
| PE Ratio                 |     35.19 |          34.35 |          42.03 |          29.66 |          27.75 |         nan    |         nan    |            nan |
| PS Ratio                 |      3.13 |           3.09 |           3.25 |           2.82 |           3.06 |         nan    |         nan    |            nan |
| PB Ratio                 |     31.25 |          30.93 |          43.12 |          26.84 |          41.32 |         nan    |         nan    |            nan |
| P/FCF Ratio              |     34.92 |          34.92 |          30.3  |          16.74 |          16.72 |         nan    |         nan    |            nan |
| P/OCF Ratio              |     27.25 |          27.25 |          25.01 |          15.75 |          16.07 |         nan    |         nan    |            nan |
| EV/Sales Ratio           |      3.62 |           3.61 |           3.69 |           3.37 |           3.72 |         nan    |         nan    |            nan |
| EV/EBITDA Ratio          |     18.62 |          18.9  |          19.18 |          17.76 |          20.91 |         nan    |         nan    |            nan |
| EV/EBIT Ratio            |     20.99 |          20.94 |          21.09 |          19.14 |          22.2  |         nan    |         nan    |            nan |
| EV/FCF Ratio             |     40.84 |          40.77 |          34.44 |          20    |          20.31 |         nan    |         nan    |            nan |
| Debt / Equity Ratio      |      7.58 |           7.58 |           9.67 |           6.19 |          10.24 |          47.63 |           4.87 |            nan |
| Debt / EBITDA Ratio      |      3.9  |         nan    |         nan    |         nan    |         nan    |         nan    |         nan    |            nan |
| Debt / FCF Ratio         |      8.55 |           8.55 |           6.79 |           3.86 |           4.14 |           6.95 |         nan    |            nan |
| Quick Ratio              |      0.88 |         nan    |         nan    |         nan    |         nan    |         nan    |         nan    |            nan |
| Current Ratio            |      0.99 |         nan    |         nan    |         nan    |         nan    |         nan    |         nan    |            nan |
| Earnings Yield           |      2.84 |           2.87 |           2.32 |           3.22 |           3.45 |         nan    |         nan    |            nan |
| FCF Yield                |      2.83 |           2.86 |           3.3  |           5.97 |           5.98 |         nan    |         nan    |            nan |
| Dividend Yield           |      2.85 |           2.94 |           2.81 |           1.87 |         nan    |         nan    |         nan    |            nan |
| Payout Ratio             |     94.21 |         nan    |         nan    |         nan    |         nan    |         nan    |         nan    |            nan |
| Buyback Yield / Dilution |     -0.06 |          -0.06 |          -0.06 |          -0.01 |         nan    |         nan    |         nan    |            nan |
| Total Shareholder Return |      2.78 |           2.88 |           2.75 |           1.86 |         nan    |         nan    |         nan    |            nan |

## ratio annually
| Year Ending              |   Current |   Jun 30, 2023 |   Jun 30, 2022 |   Jun 30, 2021 |   Jun 30, 2020 |   Jun 30, 2019 |
|:-------------------------|----------:|---------------:|---------------:|---------------:|---------------:|---------------:|
| Market Capitalization    |  10884    |       11418    |       10033    |         nan    |            nan |            nan |
| Market Cap Growth        |      8.04 |          13.8  |         nan    |         nan    |            nan |            nan |
| Enterprise Value         |  12599    |       12982    |       12184    |         nan    |            nan |            nan |
| Last Close Price         |      4.89 |           4.99 |           4.32 |         nan    |            nan |            nan |
| PE Ratio                 |     35.19 |          41.94 |          27.74 |         nan    |            nan |            nan |
| PS Ratio                 |      3.13 |           3.25 |           3.06 |         nan    |            nan |            nan |
| PB Ratio                 |     31.25 |          43.12 |          41.32 |         nan    |            nan |            nan |
| P/FCF Ratio              |     34.92 |          30.3  |          16.72 |         nan    |            nan |            nan |
| P/OCF Ratio              |     27.25 |          25.01 |          16.07 |         nan    |            nan |            nan |
| EV/Sales Ratio           |      3.62 |           3.69 |           3.72 |         nan    |            nan |            nan |
| EV/EBITDA Ratio          |     18.62 |          19.18 |          20.91 |         nan    |            nan |            nan |
| EV/EBIT Ratio            |     20.99 |          21.1  |          22.2  |         nan    |            nan |            nan |
| EV/FCF Ratio             |     40.84 |          34.44 |          20.31 |         nan    |            nan |            nan |
| Debt / Equity Ratio      |      7.58 |           9.67 |          10.24 |           4.87 |            nan |            nan |
| Debt / EBITDA Ratio      |      3.9  |           3.72 |           4.25 |           2.65 |            nan |            nan |
| Debt / FCF Ratio         |      8.55 |           6.79 |           4.14 |           4.61 |            nan |            nan |
| Asset Turnover           |      0.77 |           0.82 |           0.95 |         nan    |            nan |            nan |
| Quick Ratio              |      0.88 |           0.75 |           0.61 |           0.18 |            nan |            nan |
| Current Ratio            |      0.99 |           0.88 |           0.73 |           0.22 |            nan |            nan |
| Return on Equity (ROE)   |     85.94 |         104.33 |         134.58 |         nan    |            nan |            nan |
| Return on Assets (ROA)   |      8.31 |           8.95 |           9.9  |         nan    |            nan |            nan |
| Return on Capital (ROIC) |     13.27 |          13.85 |          15.86 |         nan    |            nan |            nan |
| Earnings Yield           |      2.84 |           2.32 |           3.45 |         nan    |            nan |            nan |
| FCF Yield                |      2.83 |           3.3  |           5.98 |         nan    |            nan |            nan |
| Dividend Yield           |      2.85 |           2.81 |         nan    |         nan    |            nan |            nan |
| Payout Ratio             |     94.21 |          66.01 |         nan    |         nan    |            nan |            nan |
| Buyback Yield / Dilution |     -0.06 |          -0.04 |         nan    |         nan    |            nan |            nan |
| Total Shareholder Return |      2.78 |           2.77 |         nan    |         nan    |            nan |            nan |

## cash flow quarterly
| Period Ending                         |   Dec 31, 2023 |   Jun 30, 2023 |   Dec 31, 2022 |   Jun 30, 2022 |   Dec 31, 2021 |   Jun 30, 2021 |   Dec 31, 2020 |
|:--------------------------------------|---------------:|---------------:|---------------:|---------------:|---------------:|---------------:|---------------:|
| Net Income                            |         217.4  |          91.9  |         172.9  |         148.4  |         198.2  |            nan |            nan |
| Depreciation & Amortization           |          52.1  |          24.3  |          48.6  |           6.5  |          29.1  |            nan |            nan |
| Other Amortization                    |         nan    |          25.3  |         nan    |          14    |         nan    |            nan |            nan |
| Loss (Gain) From Sale of Assets       |         nan    |           0.8  |         nan    |           1.1  |         nan    |            nan |            nan |
| Asset Writedown & Restructuring Costs |         nan    |           4.8  |         nan    |           8.8  |         nan    |            nan |            nan |
| Stock-Based Compensation              |         nan    |           6.9  |         nan    |           1.8  |         nan    |            nan |            nan |
| Other Operating Activities            |          70.1  |        -176.7  |         179.3  |        -144.6  |         164.9  |            nan |            nan |
| Change in Accounts Receivable         |         nan    |          11    |         nan    |         -16.3  |         nan    |            nan |            nan |
| Change in Accounts Payable            |         nan    |          85.9  |         nan    |         192.8  |         nan    |            nan |            nan |
| Change in Income Taxes                |         nan    |          24    |         nan    |          12.2  |         nan    |            nan |            nan |
| Change in Other Net Operating Assets  |         nan    |          -9.3  |         nan    |          -3.1  |         nan    |            nan |            nan |
| Operating Cash Flow                   |         339.6  |          55.7  |         400.8  |         232.2  |         392.2  |            nan |            nan |
| Operating Cash Flow Growth            |         -15.27 |         -76.01 |           2.19 |         nan    |         nan    |            nan |            nan |
| Capital Expenditures                  |         -28.6  |         -58.2  |         -21.4  |         -16    |          -8.4  |            nan |            nan |
| Cash Acquisitions                     |         nan    |         nan    |         nan    |          18.7  |         nan    |            nan |            nan |
| Other Investing Activities            |         -19.1  |         -14.7  |         -26.9  |         -38.5  |         -19.3  |            nan |            nan |
| Investing Cash Flow                   |         -47.7  |         -72.9  |         -48.3  |         -35.8  |         -27.7  |            nan |            nan |
| Long-Term Debt Issued                 |         135    |         nan    |         nan    |         nan    |         nan    |            nan |            nan |
| Total Debt Issued                     |         135    |         nan    |         nan    |         380    |         nan    |            nan |            nan |
| Short-Term Debt Repaid                |         nan    |         nan    |         nan    |         nan    |        -242.3  |            nan |            nan |
| Long-Term Debt Repaid                 |          -5    |         nan    |        -224.7  |         nan    |          -0.5  |            nan |            nan |
| Total Debt Repaid                     |          -5    |         215.1  |        -224.7  |        -593.8  |        -242.8  |            nan |            nan |
| Net Debt Issued (Repaid)              |         130    |         215.1  |        -224.7  |        -213.8  |        -242.8  |            nan |            nan |
| Repurchase of Common Stock            |          -2    |          -0.7  |          -6.3  |         nan    |         nan    |            nan |            nan |
| Common Dividends Paid                 |        -116.6  |        -174.8  |         nan    |         nan    |         nan    |            nan |            nan |
| Other Financing Activities            |         -16.9  |          -3.3  |         nan    |         nan    |         nan    |            nan |            nan |
| Financing Cash Flow                   |          -5.5  |          14    |        -231    |        -213.8  |        -242.8  |            nan |            nan |
| Net Cash Flow                         |         286.4  |          -3.2  |         121.5  |         -17.4  |         121.7  |            nan |            nan |
| Free Cash Flow                        |         311    |          -2.5  |         379.4  |         216.2  |         383.8  |            nan |            nan |
| Free Cash Flow Growth                 |         -18.03 |         nan    |          -1.15 |         nan    |         nan    |            nan |            nan |
| Free Cash Flow Margin                 |          16.49 |          -0.16 |          19.76 |          13.39 |          23.06 |            nan |            nan |
| Free Cash Flow Per Share              |           0.14 |          -0    |           0.17 |           0.1  |           0.17 |            nan |            nan |
| Cash Interest Paid                    |          61.8  |          59.6  |          59.7  |           5.3  |           0.5  |            nan |            nan |
| Cash Income Tax Paid                  |          60.4  |          63.6  |          67.3  |          90.8  |          66.1  |            nan |            nan |
| Levered Free Cash Flow                |         247.96 |          12.68 |         397.28 |         164.84 |         362    |            nan |            nan |
| Unlevered Free Cash Flow              |         288.71 |          50.36 |         433.46 |         170.9  |         362.06 |            nan |            nan |

## balance sheet quarterly
| Period Ending                      |   Dec 31, 2023 |   Jun 30, 2023 |   Dec 31, 2022 |   Jun 30, 2022 |   Dec 31, 2021 |   Jun 30, 2021 |   Dec 31, 2020 |
|:-----------------------------------|---------------:|---------------:|---------------:|---------------:|---------------:|---------------:|---------------:|
| Cash & Equivalents                 |         720.9  |         434.5  |         437.7  |         316.2  |         350    |         211.9  |            nan |
| Short-Term Investments             |         192.8  |         306.4  |         289.4  |         225.5  |         166    |         128.9  |            nan |
| Trading Asset Securities           |          10    |          14.1  |           8    |           1.3  |         nan    |         nan    |            nan |
| Cash & Short-Term Investments      |         923.7  |         755    |         735.1  |         543    |         516    |         340.8  |            nan |
| Cash Growth                        |          25.66 |          39.04 |          42.46 |          59.33 |         nan    |         nan    |            nan |
| Accounts Receivable                |         116    |           4.6  |          89.2  |          23.4  |          47    |          11.8  |            nan |
| Other Receivables                  |         nan    |          37.2  |         nan    |          24.5  |         nan    |          14.2  |            nan |
| Receivables                        |         116    |          41.8  |          89.2  |          47.9  |          47    |          26    |            nan |
| Prepaid Expenses                   |          16.2  |          13.6  |           8.3  |           4.2  |          12    |           1.3  |            nan |
| Other Current Assets               |         111.3  |         116    |         116.3  |         111.6  |         123    |          89.9  |            nan |
| Total Current Assets               |        1167    |         926.4  |         948.9  |         706.7  |         698    |         458    |            nan |
| Property, Plant & Equipment        |         146.5  |         147    |         142.1  |         156    |         133    |          31.5  |            nan |
| Long-Term Investments              |         385.2  |         315.5  |         287.4  |         360.3  |         110    |         128.2  |            nan |
| Goodwill                           |         nan    |        2083    |         nan    |        2083    |         nan    |        1511    |            nan |
| Other Intangible Assets            |        2953    |         888.2  |        2975    |         898.1  |        2936    |         582.5  |            nan |
| Other Long-Term Assets             |           9.4  |          10.6  |          11.8  |          13    |         176    |         nan    |            nan |
| Total Assets                       |        4661    |        4371    |        4365    |        4217    |        4053    |        2711    |            nan |
| Accounts Payable                   |         nan    |         nan    |         nan    |         nan    |         840    |         nan    |            nan |
| Accrued Expenses                   |         nan    |          14    |         nan    |          12.2  |         nan    |           2.3  |            nan |
| Short-Term Debt                    |         nan    |         nan    |         nan    |         nan    |         nan    |        1323    |            nan |
| Current Portion of Long-Term Debt  |           9    |          10.8  |           6    |           0.9  |         nan    |         nan    |            nan |
| Current Portion of Leases          |          11.9  |          10.4  |           9.9  |           9.6  |           6    |           0.5  |            nan |
| Current Income Taxes Payable       |          26.2  |          36.2  |          44.4  |          12.2  |         nan    |         nan    |            nan |
| Other Current Liabilities          |        1132    |         987    |        1142    |         931.4  |         133    |         744.1  |            nan |
| Total Current Liabilities          |        1179    |        1058    |        1203    |         966.3  |         979    |        2069    |            nan |
| Long-Term Debt                     |        2537    |        2460    |        2200    |        2389    |        2581    |         nan    |            nan |
| Long-Term Leases                   |          81.5  |          79    |          82.9  |          86.5  |          80    |           2.7  |            nan |
| Long-Term Deferred Tax Liabilities |         159.2  |         164.7  |         179.5  |         220.2  |          43    |         117.6  |            nan |
| Other Long-Term Liabilities        |         356.3  |         341.8  |         328.8  |         310.1  |         314    |         249    |            nan |
| Total Liabilities                  |        4313    |        4106    |        3993    |        3975    |        3997    |        2439    |            nan |
| Common Stock                       |         782.6  |         779.6  |         779.6  |         785.9  |          56    |           8.3  |            nan |
| Retained Earnings                  |         728.2  |         644.3  |         752.4  |         579.5  |         nan    |         264.1  |            nan |
| Comprensive Income & Other         |       -1162.5  |       -1159.1  |       -1160.5  |       -1122.6  |         nan    |          -0.1  |            nan |
| Shareholders' Equity               |         348.3  |         264.8  |         371.5  |         242.8  |          56    |         272.3  |            nan |
| Total Liabilities & Equity         |        4661    |        4371    |        4365    |        4217    |        4053    |        2711    |            nan |
| Total Debt                         |        2639    |        2560    |        2298    |        2486    |        2667    |        1326    |            nan |
| Net Cash (Debt)                    |       -1715.4  |       -1805    |       -1563.3  |       -1943.2  |       -2151    |        -984.9  |            nan |
| Net Cash Per Share                 |          -0.77 |          -0.81 |          -0.7  |          -0.87 |          -0.97 |         nan    |            nan |
| Filing Date Shares Outstanding     |        2226    |        2226    |        2226    |        2226    |        2226    |        2226    |            nan |
| Total Common Shares Outstanding    |        2226    |        2226    |        2226    |        2226    |        2226    |        2226    |            nan |
| Working Capital                    |         -11.9  |        -132    |        -253.6  |        -259.6  |        -281    |       -1611.4  |            nan |
| Book Value Per Share               |           0.16 |           0.12 |           0.17 |           0.11 |         nan    |           0.12 |            nan |
| Tangible Book Value                |       -2604.5  |       -2706.6  |       -2603.1  |       -2738.5  |       -2880    |       -1821.2  |            nan |
| Tangible Book Value Per Share      |          -1.17 |          -1.22 |          -1.17 |          -1.23 |         nan    |          -0.82 |            nan |
| Land                               |         nan    |         nan    |         nan    |         nan    |         nan    |           3.9  |            nan |
| Buildings                          |         nan    |         nan    |         nan    |         nan    |         nan    |           5.1  |            nan |
| Machinery                          |         nan    |         180    |         nan    |         158.9  |         nan    |         114.5  |            nan |
| Leasehold Improvements             |         nan    |          32.1  |         nan    |          27.8  |         nan    |           5.1  |            nan |

## income quarterly
| Period Ending                         |   Dec 31, 2023 |   Jun 30, 2023 |   Dec 31, 2022 |   Jun 30, 2022 |   Dec 31, 2021 |   Jun 30, 2021 |   Dec 31, 2020 |
|:--------------------------------------|---------------:|---------------:|---------------:|---------------:|---------------:|---------------:|---------------:|
| Operating Revenue                     |        1885    |        1593    |        1920    |        1614    |        1665    |        1342    |        1609    |
| Other Revenue                         |           1.6  |           1.3  |           0.2  |           0.1  |         nan    |         nan    |         nan    |
| Revenue                               |        1887    |        1594    |        1920    |        1614    |        1665    |        1342    |        1609    |
| Revenue Growth (YoY)                  |          -1.77 |          -1.23 |          15.37 |          20.27 |           3.46 |         nan    |         nan    |
| Cost of Revenue                       |          67.2  |          60.6  |          56.6  |          54.1  |          41.7  |         -36.4  |         125    |
| Gross Profit                          |        1819    |        1534    |        1864    |        1560    |        1623    |        1379    |        1484    |
| Selling, General & Admin              |         359.1  |         303.2  |         331.7  |         283    |         287.1  |         262.5  |         269    |
| Depreciation & Amortization           |          52.1  |          49.6  |          48.6  |          32.8  |          29.1  |          14.9  |          42    |
| Other Operating Expenses              |        1062    |         926.3  |        1123    |         982.6  |        1019    |         899.6  |         909    |
| Operating Expenses                    |        1473    |        1279    |        1503    |        1298    |        1336    |        1177    |        1220    |
| Operating Income                      |         346.1  |         254.5  |         360.9  |         261.6  |         287.3  |         201.5  |         264    |
| Interest Expense                      |         -65.2  |         -60.3  |         -57.9  |          -9.7  |          -0.1  |          -0.4  |         nan    |
| Interest & Investment Income          |          11.7  |           1.5  |           0.6  |           0.1  |         nan    |           0.3  |         nan    |
| Other Non Operating Income (Expenses) |          -2.4  |          -2.9  |          -3.1  |          -1.3  |          -1.1  |          -2.3  |         nan    |
| EBT Excluding Unusual Items           |         290.2  |         192.8  |         300.5  |         250.7  |         286.1  |         199.1  |         264    |
| Merger & Restructuring Charges        |         -26.7  |         -57.5  |         -43.7  |          -0.6  |         nan    |         nan    |         nan    |
| Gain (Loss) on Sale of Investments    |         nan    |         nan    |         nan    |         nan    |         nan    |          74.4  |         nan    |
| Gain (Loss) on Sale of Assets         |         nan    |          -0.1  |          -0.7  |          -1.1  |         nan    |          -0.5  |         nan    |
| Asset Writedown                       |           1.1  |         nan    |          -4.8  |          -8.8  |         nan    |         nan    |         nan    |
| Other Unusual Items                   |         nan    |         nan    |         nan    |         nan    |         nan    |         -67    |          67    |
| Pretax Income                         |         264.6  |         135.2  |         251.3  |         240.2  |         286.1  |         206    |         331    |
| Income Tax Expense                    |          47.2  |          43.3  |          78.4  |          91.8  |          87.9  |         137.7  |         nan    |
| Net Income                            |         217.4  |          91.9  |         172.9  |         148.4  |         198.2  |          68.3  |         331    |
| Net Income to Common                  |         217.4  |          91.9  |         172.9  |         148.4  |         198.2  |          68.3  |         331    |
| Net Income Growth                     |          25.74 |         -38.07 |         -12.76 |         117.28 |         -40.12 |         nan    |         nan    |
| Shares Outstanding (Basic)            |        2226    |        2226    |        2226    |        2226    |        2226    |         nan    |         nan    |
| Shares Outstanding (Diluted)          |        2228    |        2227    |        2226    |        2226    |        2226    |         nan    |         nan    |
| Shares Change (YoY)                   |           0.06 |           0.06 |           0.01 |         nan    |         nan    |         nan    |         nan    |
| EPS (Basic)                           |           0.1  |           0.04 |           0.08 |           0.07 |           0.09 |         nan    |         nan    |
| EPS (Diluted)                         |           0.1  |           0.04 |           0.08 |           0.07 |           0.09 |         nan    |         nan    |
| EPS Growth                            |          25.74 |         -38.49 |         -12.72 |         nan    |         nan    |         nan    |         nan    |
| Free Cash Flow                        |         311    |          -2.5  |         379.4  |         216.2  |         383.8  |         nan    |         nan    |
| Free Cash Flow Per Share              |           0.14 |          -0    |           0.17 |           0.1  |           0.17 |         nan    |         nan    |
| Dividend Per Share                    |           0.08 |           0.06 |           0.08 |         nan    |         nan    |         nan    |         nan    |
| Operating Margin                      |          18.35 |          15.96 |          18.79 |          16.21 |          17.26 |          15.01 |          16.41 |
| Profit Margin                         |          11.52 |           5.76 |           9    |           9.19 |          11.91 |           5.09 |          20.57 |
| Free Cash Flow Margin                 |          16.49 |          -0.16 |          19.76 |          13.39 |          23.06 |         nan    |         nan    |
| EBITDA                                |         392.5  |         273.1  |         403.8  |         267.1  |         315.5  |         192.3  |         306    |
| D&A For EBITDA                        |          46.4  |          18.6  |          42.9  |           5.5  |          28.2  |          -9.2  |          42    |
| EBIT                                  |         346.1  |         254.5  |         360.9  |         261.6  |         287.3  |         201.5  |         264    |
| Advertising Expenses                  |          20    |         nan    |          20.8  |         nan    |          22.1  |         nan    |         nan    |

## cash flow annually
| Year Ending                           |     TTM |   Jun 30, 2023 |   Jun 30, 2022 |   Jun 30, 2021 |   Jun 30, 2020 |   Jun 30, 2019 |
|:--------------------------------------|--------:|---------------:|---------------:|---------------:|---------------:|---------------:|
| Net Income                            |  309.3  |         264.8  |         346.6  |         399.3  |            nan |            nan |
| Depreciation & Amortization           |   76.4  |          72.9  |          35.6  |          34.5  |            nan |            nan |
| Other Amortization                    |   25.3  |          25.3  |          14    |          11.4  |            nan |            nan |
| Loss (Gain) From Sale of Assets       |    0.8  |           0.8  |           1.1  |           0.5  |            nan |            nan |
| Asset Writedown & Restructuring Costs |    4.8  |           4.8  |           8.8  |         nan    |            nan |            nan |
| Loss (Gain) From Sale of Investments  |  nan    |         nan    |         nan    |         -74.4  |            nan |            nan |
| Stock-Based Compensation              |    6.9  |           6.9  |           1.8  |         nan    |            nan |            nan |
| Other Operating Activities            | -106.6  |           2.6  |          20.3  |           9.3  |            nan |            nan |
| Change in Accounts Receivable         |   11    |          11    |         -16.3  |         -11.1  |            nan |            nan |
| Change in Accounts Payable            |   85.9  |          85.9  |         192.8  |         -61.6  |            nan |            nan |
| Change in Income Taxes                |   24    |          24    |          12.2  |          -0.7  |            nan |            nan |
| Change in Other Net Operating Assets  |   -9.3  |          -9.3  |          -3.1  |          11.8  |            nan |            nan |
| Operating Cash Flow                   |  395.3  |         456.5  |         624.4  |         308.9  |            nan |            nan |
| Operating Cash Flow Growth            |  -37.55 |         -26.89 |         102.14 |         nan    |            nan |            nan |
| Capital Expenditures                  |  -86.8  |         -79.6  |         -24.4  |         -21.2  |            nan |            nan |
| Sale of Property, Plant & Equipment   |  nan    |         nan    |         nan    |          15.4  |            nan |            nan |
| Cash Acquisitions                     |  nan    |         nan    |          18.7  |         nan    |            nan |            nan |
| Investment in Securities              |  nan    |         nan    |         nan    |          25    |            nan |            nan |
| Other Investing Activities            |  -33.8  |         -41.6  |         -57.8  |         nan    |            nan |            nan |
| Investing Cash Flow                   | -120.6  |        -121.2  |         -63.5  |          19.2  |            nan |            nan |
| Long-Term Debt Issued                 |  nan    |         nan    |         380    |         nan    |            nan |            nan |
| Total Debt Issued                     |  135    |         nan    |         nan    |         nan    |            nan |            nan |
| Short-Term Debt Repaid                |  nan    |         nan    |        -835    |        -329.1  |            nan |            nan |
| Long-Term Debt Repaid                 |  nan    |          -9.6  |          -1.6  |          -1.6  |            nan |            nan |
| Total Debt Repaid                     |  210.1  |          -9.6  |        -836.6  |        -330.7  |            nan |            nan |
| Net Debt Issued (Repaid)              |  345.1  |          -9.6  |        -456.6  |        -330.7  |            nan |            nan |
| Repurchase of Common Stock            |   -2.7  |          -7    |         nan    |         nan    |            nan |            nan |
| Common Dividends Paid                 | -291.4  |        -174.8  |         nan    |         nan    |            nan |            nan |
| Other Financing Activities            |  -20.2  |          -3.3  |         nan    |         nan    |            nan |            nan |
| Financing Cash Flow                   |    8.5  |        -217    |        -456.6  |        -330.7  |            nan |            nan |
| Net Cash Flow                         |  283.2  |         118.3  |         104.3  |          -2.6  |            nan |            nan |
| Free Cash Flow                        |  308.5  |         376.9  |         600    |         287.7  |            nan |            nan |
| Free Cash Flow Growth                 |  -48.2  |         -37.18 |         108.55 |         nan    |            nan |            nan |
| Free Cash Flow Margin                 |    8.86 |          10.72 |          18.3  |           9.75 |            nan |            nan |
| Free Cash Flow Per Share              |    0.14 |           0.17 |           0.27 |           0.13 |            nan |            nan |
| Cash Interest Paid                    |  121.4  |         119.3  |           5.8  |           2.7  |            nan |            nan |
| Cash Income Tax Paid                  |  124    |         130.9  |         156.9  |         148.5  |            nan |            nan |
| Levered Free Cash Flow                |  260.51 |         409.83 |         526.84 |         nan    |            nan |            nan |
| Unlevered Free Cash Flow              |  338.95 |         483.7  |         532.96 |         nan    |            nan |            nan |
| Change in Net Working Capital         |   58.1  |         -73.7  |        -162.9  |         nan    |            nan |            nan |

## balance sheet annually
| Year Ending                        |      TTM |   Jun 30, 2023 |   Jun 30, 2022 |   Jun 30, 2021 |   Jun 30, 2020 |   Jun 30, 2019 |
|:-----------------------------------|---------:|---------------:|---------------:|---------------:|---------------:|---------------:|
| Cash & Equivalents                 |   720.9  |         434.5  |         316.2  |         211.9  |            nan |            nan |
| Short-Term Investments             |   192.8  |         306.4  |         225.5  |         128.9  |            nan |            nan |
| Trading Asset Securities           |    10    |          14.1  |           1.3  |         nan    |            nan |            nan |
| Cash & Short-Term Investments      |   923.7  |         755    |         543    |         340.8  |            nan |            nan |
| Cash Growth                        |    25.66 |          39.04 |          59.33 |         nan    |            nan |            nan |
| Accounts Receivable                |   116    |           4.6  |          23.4  |          11.8  |            nan |            nan |
| Other Receivables                  |   nan    |          37.2  |          24.5  |          14.2  |            nan |            nan |
| Receivables                        |   116    |          41.8  |          47.9  |          26    |            nan |            nan |
| Prepaid Expenses                   |    16.2  |          13.6  |           4.2  |           1.3  |            nan |            nan |
| Other Current Assets               |   111.3  |         116    |         111.6  |          89.9  |            nan |            nan |
| Total Current Assets               |  1167    |         926.4  |         706.7  |         458    |            nan |            nan |
| Property, Plant & Equipment        |   146.5  |         147    |         156    |          31.5  |            nan |            nan |
| Long-Term Investments              |   385.2  |         315.5  |         360.3  |         128.2  |            nan |            nan |
| Goodwill                           |   nan    |        2083    |        2083    |        1511    |            nan |            nan |
| Other Intangible Assets            |  2953    |         888.2  |         898.1  |         582.5  |            nan |            nan |
| Other Long-Term Assets             |     9.4  |          10.6  |          13    |         nan    |            nan |            nan |
| Total Assets                       |  4661    |        4371    |        4217    |        2711    |            nan |            nan |
| Accrued Expenses                   |   nan    |          14    |          12.2  |           2.3  |            nan |            nan |
| Short-Term Debt                    |   nan    |         nan    |         nan    |        1323    |            nan |            nan |
| Current Portion of Long-Term Debt  |     9    |          10.8  |           0.9  |         nan    |            nan |            nan |
| Current Portion of Leases          |    11.9  |          10.4  |           9.6  |           0.5  |            nan |            nan |
| Current Income Taxes Payable       |    26.2  |          36.2  |          12.2  |         nan    |            nan |            nan |
| Other Current Liabilities          |  1132    |         987    |         931.4  |         744.1  |            nan |            nan |
| Total Current Liabilities          |  1179    |        1058    |         966.3  |        2069    |            nan |            nan |
| Long-Term Debt                     |  2537    |        2460    |        2389    |         nan    |            nan |            nan |
| Long-Term Leases                   |    81.5  |          79    |          86.5  |           2.7  |            nan |            nan |
| Long-Term Deferred Tax Liabilities |   159.2  |         164.7  |         220.2  |         117.6  |            nan |            nan |
| Other Long-Term Liabilities        |   356.3  |         341.8  |         310.1  |         249    |            nan |            nan |
| Total Liabilities                  |  4313    |        4106    |        3975    |        2439    |            nan |            nan |
| Common Stock                       |   782.6  |         779.6  |         785.9  |           8.3  |            nan |            nan |
| Retained Earnings                  |   728.2  |         644.3  |         579.5  |         264.1  |            nan |            nan |
| Comprensive Income & Other         | -1162.5  |       -1159.1  |       -1122.6  |          -0.1  |            nan |            nan |
| Shareholders' Equity               |   348.3  |         264.8  |         242.8  |         272.3  |            nan |            nan |
| Total Liabilities & Equity         |  4661    |        4371    |        4217    |        2711    |            nan |            nan |
| Total Debt                         |  2639    |        2560    |        2486    |        1326    |            nan |            nan |
| Net Cash (Debt)                    | -1715.4  |       -1805    |       -1943.2  |        -984.9  |            nan |            nan |
| Net Cash Per Share                 |    -0.77 |          -0.81 |          -0.87 |          -0.44 |            nan |            nan |
| Filing Date Shares Outstanding     |  2226    |        2226    |        2226    |        2226    |            nan |            nan |
| Total Common Shares Outstanding    |  2226    |        2226    |        2226    |        2226    |            nan |            nan |
| Working Capital                    |   -11.9  |        -132    |        -259.6  |       -1611.4  |            nan |            nan |
| Book Value Per Share               |     0.16 |           0.12 |           0.11 |           0.12 |            nan |            nan |
| Tangible Book Value                | -2604.5  |       -2706.6  |       -2738.5  |       -1821.2  |            nan |            nan |
| Tangible Book Value Per Share      |    -1.17 |          -1.22 |          -1.23 |          -0.82 |            nan |            nan |
| Land                               |   nan    |         nan    |         nan    |           3.9  |            nan |            nan |
| Buildings                          |   nan    |         nan    |         nan    |           5.1  |            nan |            nan |
| Machinery                          |   nan    |         180    |         158.9  |         114.5  |            nan |            nan |
| Leasehold Improvements             |   nan    |          32.1  |          27.8  |           5.1  |            nan |            nan |

