## ratio quarterly
| Period Ending            |   Current |   Dec 31, 2023 |   Jun 30, 2023 |   Dec 31, 2022 |   Jun 30, 2022 |   Dec 31, 2021 |   Jun 30, 2021 |   Dec 31, 2020 |   Jun 30, 2020 |   Dec 31, 2019 |   Jun 30, 2019 |   +2 Quarters |
|:-------------------------|----------:|---------------:|---------------:|---------------:|---------------:|---------------:|---------------:|---------------:|---------------:|---------------:|---------------:|--------------:|
| Market Capitalization    |  10022    |        7067    |        6474    |        4163    |        4860    |        5842    |        5406    |        5574    |        4496    |        2267    |        2230    |           nan |
| Market Cap Growth        |     69.77 |          69.77 |          33.21 |         -28.75 |         -10.09 |           4.8  |          20.24 |         145.89 |         101.58 |           7.97 |         -13.8  |           nan |
| Enterprise Value         |  10881    |        7743    |        7450    |        4842    |        5271    |        6050    |        5548    |        5557    |        5168    |        2735    |        2548    |           nan |
| Last Close Price         |     16.69 |          13.58 |          12.44 |           8.91 |          10.42 |          12.53 |          11.62 |          11.98 |           9.68 |           6.45 |           6.36 |           nan |
| PE Ratio                 |    nan    |        -146.74 |        -226.49 |       -1043.53 |         522.3  |        1303.16 |        -223.93 |         -81.52 |         -79.29 |        -191.88 |        -222.35 |           nan |
| PS Ratio                 |     19.34 |          16.5  |          17.66 |          13.41 |          16.7  |          21.72 |          21.97 |          24.56 |          22.39 |          12.53 |          13.14 |           nan |
| PB Ratio                 |      3.83 |           3.16 |           2.84 |           2.46 |           2.86 |           3.49 |           3.26 |           3.35 |           2.67 |           2.6  |           2.55 |           nan |
| P/FCF Ratio              |    -15.96 |         -15.96 |         -11.62 |          -7.76 |         -10.88 |         -23.33 |         -30.46 |         -21.08 |         -13.06 |          -6.88 |          -7.25 |           nan |
| P/OCF Ratio              |     62.85 |          62.85 |          51.19 |          34.99 |          41.48 |          42    |          40.58 |          57.33 |          83.7  |          50.96 |          56.66 |           nan |
| EV/Sales Ratio           |     25.65 |          18.08 |          20.32 |          15.6  |          18.11 |          22.5  |          22.55 |          24.48 |          25.74 |          15.11 |          15.01 |           nan |
| EV/EBITDA Ratio          |     57.28 |          39.86 |          41.79 |          28.35 |          34.38 |          42.56 |          44.64 |          49.71 |          52.87 |          30.2  |          34.69 |           nan |
| EV/EBIT Ratio            |    229.53 |         135.39 |         137.42 |          84.57 |          96.32 |         127.62 |         156.01 |         155.96 |         151.57 |          71.51 |          80.41 |           nan |
| EV/FCF Ratio             |    -24.58 |         -17.49 |         -13.37 |          -9.03 |         -11.8  |         -24.16 |         -31.26 |         -21.01 |         -15.02 |          -8.3  |          -8.28 |           nan |
| Debt / Equity Ratio      |      0.65 |           0.65 |           0.63 |           0.79 |           0.67 |           0.68 |           0.52 |           0.52 |           0.52 |           1    |           0.99 |           nan |
| Debt / EBITDA Ratio      |      7.4  |         nan    |         nan    |         nan    |         nan    |         nan    |         nan    |         nan    |         nan    |         nan    |         nan    |           nan |
| Debt / FCF Ratio         |     -3.27 |          -3.27 |          -2.59 |          -2.5  |          -2.54 |          -4.53 |          -4.85 |          -3.24 |          -2.54 |          -2.64 |          -2.82 |           nan |
| Quick Ratio              |      7.49 |         nan    |         nan    |         nan    |         nan    |         nan    |         nan    |         nan    |         nan    |         nan    |         nan    |           nan |
| Current Ratio            |      7.83 |         nan    |         nan    |         nan    |         nan    |         nan    |         nan    |         nan    |         nan    |         nan    |         nan    |           nan |
| Earnings Yield           |     -0.55 |          -0.64 |          -0.4  |          -0.09 |           0.19 |           0.08 |          -0.44 |          -1.04 |          -1    |          -0.51 |          -0.44 |           nan |
| FCF Yield                |     -4.42 |          -6.26 |          -8.61 |         -12.88 |          -9.19 |          -4.29 |          -3.28 |          -4.74 |          -7.65 |         -14.53 |         -13.8  |           nan |
| Buyback Yield / Dilution |     -7.66 |         -12.82 |          -1.85 |           0.39 |          -1.05 |          -0.44 |         -22.34 |         -32.34 |          -8.13 |          -0.82 |         -11.01 |           nan |
| Total Shareholder Return |     -7.66 |         -12.82 |          -1.85 |           0.39 |          -1.05 |          -0.44 |         -22.34 |         -32.34 |          -8.13 |          -0.82 |         -11.01 |           nan |

## balance sheet quarterly
| Period Ending                     |   Dec 31, 2023 |   Jun 30, 2023 |   Dec 31, 2022 |   Jun 30, 2022 |   Dec 31, 2021 |   Jun 30, 2021 |   Dec 31, 2020 |   Jun 30, 2020 |   Dec 31, 2019 |   Jun 30, 2019 |   +2 Quarters |
|:----------------------------------|---------------:|---------------:|---------------:|---------------:|---------------:|---------------:|---------------:|---------------:|---------------:|---------------:|--------------:|
| Cash & Equivalents                |         589.47 |         765.84 |         363.83 |         456.56 |         724.94 |         652.33 |         715.91 |         892.94 |         196.72 |         399    |           nan |
| Cash & Short-Term Investments     |         589.47 |         765.84 |         363.83 |         456.56 |         724.94 |         652.33 |         715.91 |         892.94 |         196.72 |         399    |           nan |
| Cash Growth                       |          62.02 |          67.74 |         -49.81 |         -30.01 |           1.26 |         -26.95 |         263.91 |         123.79 |         -42.75 |          -4.54 |           nan |
| Accounts Receivable               |          65.07 |          45.2  |          41.51 |          29.5  |          44.62 |          37.73 |          35.5  |          36.55 |          30.23 |          27.58 |           nan |
| Other Receivables                 |         nan    |           8.99 |         nan    |          14.84 |         nan    |          11.99 |         nan    |           8.51 |           5.78 |           6.28 |           nan |
| Receivables                       |          65.07 |          54.19 |          41.51 |          44.34 |          44.62 |          49.72 |          35.5  |          45.07 |          36.02 |          33.86 |           nan |
| Prepaid Expenses                  |         nan    |           6.31 |         nan    |           4.56 |         nan    |           4.87 |         nan    |           4.31 |         nan    |           2.63 |           nan |
| Other Current Assets              |          29.16 |          26.91 |          37.74 |          22.24 |          12.01 |           9.77 |          19.44 |          13.8  |          18.2  |          11.8  |           nan |
| Total Current Assets              |         683.69 |         853.25 |         443.08 |         527.7  |         781.57 |         716.7  |         770.84 |         956.11 |         250.93 |         447.29 |           nan |
| Property, Plant & Equipment       |        3044    |        2895    |        2630    |        2359    |        2078    |        1881    |        1791    |        1671    |        1524    |        1328    |           nan |
| Long-Term Investments             |           2.9  |           6.27 |           4.92 |           8.32 |          17.82 |         nan    |         nan    |         nan    |         nan    |         nan    |           nan |
| Other Intangible Assets           |          53.98 |          51.98 |          46.15 |          38.22 |          24.15 |          20.75 |          22.69 |          27.22 |          26.98 |          23.68 |           nan |
| Long-Term Deferred Tax Assets     |         nan    |         nan    |         nan    |         nan    |         nan    |         nan    |         nan    |         nan    |          25.54 |          21.55 |           nan |
| Long-Term Deferred Charges        |          19.74 |          18.57 |          13.46 |          14.17 |           7.39 |          22.7  |          26.48 |           3.34 |           4.13 |           4.9  |           nan |
| Other Long-Term Assets            |           8.19 |          25.03 |          15.42 |          29.54 |         nan    |         nan    |         nan    |         nan    |         nan    |         nan    |           nan |
| Total Assets                      |        3813    |        3850    |        3153    |        2977    |        2909    |        2641    |        2611    |        2657    |        1832    |        1826    |           nan |
| Accounts Payable                  |          70.29 |          37.74 |          58.18 |          18.31 |          35.71 |          37.31 |          37.22 |          32.67 |          61.69 |          44.84 |           nan |
| Accrued Expenses                  |         nan    |           8.38 |         nan    |           9.69 |         nan    |           7.88 |         nan    |           7.29 |         nan    |           2.85 |           nan |
| Current Portion of Long-Term Debt |         nan    |         nan    |         nan    |         nan    |         nan    |         nan    |         nan    |         301.81 |         nan    |         nan    |           nan |
| Current Portion of Leases         |           6.9  |           6.68 |           6.49 |           6.23 |           6.1  |           5.97 |           5    |           5.06 |           4.91 |           4.95 |           nan |
| Current Unearned Revenue          |          10.17 |          12.55 |          17.92 |          16.5  |          16.84 |          15.31 |           8.72 |           7.09 |           6.4  |           5.82 |           nan |
| Other Current Liabilities         |         nan    |          26.41 |         nan    |          53.61 |         nan    |          10.83 |         nan    |          24.93 |           0.32 |           8.96 |           nan |
| Total Current Liabilities         |          87.37 |          91.77 |          82.59 |         104.33 |          58.64 |          77.29 |          50.94 |         378.84 |          73.31 |          67.42 |           nan |
| Long-Term Debt                    |        1370    |        1365    |        1263    |        1059    |        1059    |         783.49 |         781.27 |         496.43 |         796.02 |         793.85 |           nan |
| Long-Term Leases                  |          70.36 |          69.96 |          70.57 |          70.63 |          71.01 |          71.33 |          71.67 |          71.78 |          67.7  |          68.38 |           nan |
| Long-Term Unearned Revenue        |          43.3  |          44.84 |          41.98 |          43.72 |          46.1  |          46.97 |          39.18 |          27.76 |          21.72 |          19.98 |           nan |
| Other Long-Term Liabilities       |           1.68 |           1.38 |           1.22 |           1.04 |           1.75 |           1.61 |           3    |           1.29 |           1.13 |           0.96 |           nan |
| Total Liabilities                 |        1573    |        1573    |        1459    |        1278    |        1236    |         980.69 |         946.06 |         976.1  |         959.88 |         950.59 |           nan |
| Common Stock                      |        2372    |        2371    |        1766    |        1763    |        1763    |        1760    |        1760    |        1757    |         906.61 |         905.12 |           nan |
| Retained Earnings                 |        -145.99 |        -123.5  |        -100.64 |         -97.86 |         -93.84 |        -107.01 |         -98.85 |         -83.48 |         -41.14 |         -36.23 |           nan |
| Comprensive Income & Other        |          13.85 |          28.97 |          27.77 |          33.73 |           4.1  |           7.69 |           4.5  |           7.61 |           6.3  |           6.41 |           nan |
| Shareholders' Equity              |        2240    |        2277    |        1693    |        1699    |        1673    |        1660    |        1665    |        1681    |         871.77 |         875.3  |           nan |
| Total Liabilities & Equity        |        3813    |        3850    |        3153    |        2977    |        2909    |        2641    |        2611    |        2657    |        1832    |        1826    |           nan |
| Total Debt                        |        1448    |        1442    |        1340    |        1136    |        1136    |         860.78 |         857.94 |         875.07 |         868.62 |         867.18 |           nan |
| Net Cash (Debt)                   |        -858.21 |        -676.23 |        -976.03 |        -679.06 |        -410.83 |        -208.45 |        -142.03 |          17.87 |        -671.9  |        -468.18 |           nan |
| Net Cash Per Share                |          -1.67 |          -1.44 |          -2.14 |          -1.48 |          -0.9  |          -0.46 |          -0.31 |           0.05 |          -1.95 |          -1.36 |           nan |
| Filing Date Shares Outstanding    |         514.53 |         514.65 |         456.07 |         456.65 |         455.82 |         455.8  |         455.83 |         455.05 |         344.44 |         343.66 |           nan |
| Total Common Shares Outstanding   |         514.53 |         514.65 |         456.07 |         456.65 |         455.82 |         455.8  |         455.83 |         455.05 |         344.44 |         343.66 |           nan |
| Working Capital                   |         596.32 |         761.49 |         360.49 |         423.37 |         722.93 |         639.4  |         719.9  |         577.27 |         177.62 |         379.87 |           nan |
| Book Value Per Share              |           4.35 |           4.42 |           3.71 |           3.72 |           3.67 |           3.64 |           3.66 |           3.69 |           2.53 |           2.55 |           nan |
| Tangible Book Value               |        2186    |        2225    |        1647    |        1660    |        1649    |        1640    |        1643    |        1654    |         844.79 |         851.63 |           nan |
| Tangible Book Value Per Share     |           4.25 |           4.32 |           3.61 |           3.64 |           3.62 |           3.6  |           3.61 |           3.64 |           2.45 |           2.48 |           nan |
| Land                              |         nan    |        1843    |         nan    |        1084    |         nan    |         953.62 |         nan    |         773.05 |         nan    |         513.97 |           nan |
| Machinery                         |         nan    |        1177    |         nan    |        1012    |         nan    |         925.93 |         nan    |         791.91 |         nan    |         507.14 |           nan |
| Construction In Progress          |         nan    |         238.77 |         nan    |         575.63 |         nan    |         211.14 |         nan    |         223.38 |         nan    |         363.45 |           nan |

## cash flow quarterly
| Period Ending                        |   Dec 31, 2023 |   Jun 30, 2023 |   Dec 31, 2022 |   Jun 30, 2022 |   Dec 31, 2021 |   Jun 30, 2021 |   Dec 31, 2020 |   Jun 30, 2020 |   Dec 31, 2019 |   Jun 30, 2019 |   +2 Quarters |
|:-------------------------------------|---------------:|---------------:|---------------:|---------------:|---------------:|---------------:|---------------:|---------------:|---------------:|---------------:|--------------:|
| Net Income                           |         -22.49 |         -22.86 |          -2.78 |          -1.12 |          10.26 |          -5.81 |         -17.82 |         -40.15 |          -4.89 |          -6.68 |           nan |
| Depreciation & Amortization          |          79.03 |          63.53 |          66.05 |          51.79 |          51.1  |          47.8  |          45.09 |          34.8  |          32.58 |          25.3  |           nan |
| Other Amortization                   |         nan    |          28.43 |         nan    |          12.4  |         nan    |          11.38 |         nan    |           1.34 |         nan    |           1.12 |           nan |
| Loss (Gain) From Sale of Assets      |         nan    |         nan    |         nan    |         nan    |         nan    |         nan    |         nan    |          -0.2  |         nan    |          -0.62 |           nan |
| Loss (Gain) From Sale of Investments |         nan    |           1.8  |         nan    |           7.92 |         nan    |         nan    |         nan    |         nan    |         nan    |         nan    |           nan |
| Loss (Gain) on Equity Investments    |         nan    |           4.26 |         nan    |           1.88 |         nan    |         nan    |         nan    |         nan    |         nan    |         nan    |           nan |
| Stock-Based Compensation             |         nan    |           3.48 |         nan    |           2.99 |         nan    |           3    |         nan    |           2.76 |         nan    |           2.18 |           nan |
| Other Operating Activities           |           0.73 |          -5.64 |           8.04 |         -22.44 |           8.15 |         -22.2  |          36.38 |           7.57 |          -7.57 |           3.89 |           nan |
| Change in Accounts Receivable        |         nan    |          -9.31 |         nan    |           4.47 |         nan    |          -5.37 |         nan    |         -11.35 |         nan    |           6.88 |           nan |
| Change in Accounts Payable           |         nan    |           9.39 |         nan    |           0.8  |         nan    |           3.18 |         nan    |           1.71 |         nan    |          -6.03 |           nan |
| Change in Unearned Revenue           |         nan    |          -2.82 |         nan    |          -2.65 |         nan    |          27.43 |         nan    |           9.05 |         nan    |          -0.2  |           nan |
| Change in Other Net Operating Assets |         nan    |         -15.09 |         nan    |          -8.38 |         nan    |          10.17 |         nan    |           1.63 |         nan    |           4.78 |           nan |
| Operating Cash Flow                  |          57.27 |          55.17 |          71.31 |          47.67 |          69.51 |          69.57 |          63.64 |          33.59 |          20.12 |          24.37 |           nan |
| Operating Cash Flow Growth           |         -19.69 |          15.73 |           2.59 |         -31.48 |           9.21 |         107.1  |         216.33 |          37.88 |          34.16 |         268.83 |           nan |
| Capital Expenditures                 |        -223.22 |        -331.92 |        -351.81 |        -303.31 |        -260.71 |        -128.82 |        -181.89 |        -179.84 |        -217.99 |        -155.96 |           nan |
| Sale (Purchase) of Intangibles       |          -9.26 |         -10.59 |         -11.68 |         -12.3  |          -5.52 |          -3.51 |          -4.28 |          -2.65 |          -4.22 |          -8.8  |           nan |
| Investment in Securities             |         nan    |          -4.02 |         nan    |          -0.02 |         -18.07 |         nan    |         nan    |         nan    |         nan    |         nan    |           nan |
| Investing Cash Flow                  |        -232.48 |        -346.53 |        -363.49 |        -315.63 |        -284.3  |        -132.33 |        -186.17 |        -182.49 |        -222.21 |        -164.75 |           nan |
| Long-Term Debt Issued                |         nan    |         nan    |         200    |         nan    |         300    |         nan    |         800    |         nan    |         nan    |         nan    |           nan |
| Total Debt Issued                    |         nan    |         100    |         200    |         nan    |         300    |         nan    |         800    |         nan    |         nan    |         200.75 |           nan |
| Long-Term Debt Repaid                |          -0.76 |         nan    |          -0.53 |         nan    |          -0.48 |         nan    |        -800.59 |         nan    |          -0.17 |         nan    |           nan |
| Total Debt Repaid                    |          -0.76 |          -0.6  |          -0.53 |          -0.42 |          -0.48 |          -0.38 |        -800.59 |          -0.22 |          -0.17 |          -0.69 |           nan |
| Net Debt Issued (Repaid)             |          -0.76 |          99.4  |         199.47 |          -0.42 |         299.52 |          -0.38 |          -0.59 |          -0.22 |          -0.17 |         200.06 |           nan |
| Issuance of Common Stock             |         nan    |         617.94 |         nan    |         nan    |         nan    |         nan    |         nan    |         862.02 |         nan    |         nan    |           nan |
| Other Financing Activities           |          -0.04 |         -23.74 |          -0.02 |         nan    |         -12.12 |          -0.44 |         -53.92 |         -16.7  |          -0.02 |          -4.28 |           nan |
| Financing Cash Flow                  |          -0.81 |         693.61 |         199.45 |          -0.42 |         287.4  |          -0.82 |         -54.51 |         845.11 |          -0.18 |         195.78 |           nan |
| Foreign Exchange Rate Adjustments    |          -0.36 |          -0.24 |         nan    |         nan    |         nan    |         nan    |         nan    |         nan    |         nan    |         nan    |           nan |
| Net Cash Flow                        |        -176.37 |         402.01 |         -92.73 |        -268.38 |          72.61 |         -63.57 |        -177.03 |         696.22 |        -202.28 |          55.39 |           nan |
| Free Cash Flow                       |        -165.95 |        -276.76 |        -280.5  |        -255.64 |        -191.21 |         -59.25 |        -118.25 |        -146.25 |        -197.87 |        -131.59 |           nan |
| Free Cash Flow Margin                |         -73.54 |        -136.54 |        -171.15 |        -174.46 |        -132.31 |         -47.61 |         -97.23 |        -138.81 |        -207.37 |        -153.81 |           nan |
| Free Cash Flow Per Share             |          -0.32 |          -0.59 |          -0.62 |          -0.56 |          -0.42 |          -0.13 |          -0.26 |          -0.39 |          -0.57 |          -0.38 |           nan |
| Cash Interest Paid                   |          39.11 |          36.84 |          21.11 |          22.79 |          19.52 |          18.68 |          23.77 |          25.21 |          25.88 |          25.56 |           nan |
| Levered Free Cash Flow               |        -172.82 |        -263.26 |        -326.02 |        -220    |        -222.15 |         -58.6  |        -163.11 |        -156.5  |        -196.85 |        -120.68 |           nan |
| Unlevered Free Cash Flow             |        -141.94 |        -253.58 |        -306.47 |        -211.13 |        -206.67 |         -51.3  |        -146.78 |        -138.81 |        -178.48 |        -103.91 |           nan |

## income quarterly
| Period Ending                         |   Dec 31, 2023 |   Jun 30, 2023 |   Dec 31, 2022 |   Jun 30, 2022 |   Dec 31, 2021 |   Jun 30, 2021 |   Dec 31, 2020 |   Jun 30, 2020 |   Dec 31, 2019 |   Jun 30, 2019 |   +2 Quarters |
|:--------------------------------------|---------------:|---------------:|---------------:|---------------:|---------------:|---------------:|---------------:|---------------:|---------------:|---------------:|--------------:|
| Operating Revenue                     |         209.12 |         202.69 |         159.68 |         146.53 |         144.51 |         124.44 |         121.62 |         105.36 |          95.42 |          85.56 |           nan |
| Other Revenue                         |          16.53 |         nan    |           4.21 |         nan    |         nan    |         nan    |         nan    |         nan    |         nan    |         nan    |           nan |
| Revenue                               |         225.65 |         202.69 |         163.9  |         146.53 |         144.51 |         124.44 |         121.62 |         105.36 |          95.42 |          85.56 |           nan |
| Revenue Growth (YoY)                  |          37.68 |          38.32 |          13.41 |          17.75 |          18.82 |          18.11 |          27.46 |          23.15 |          13.4  |           7.46 |           nan |
| Cost of Revenue                       |          84.72 |          83.82 |          42.67 |          45.24 |          42.69 |          39.15 |          41.88 |          38.54 |          33.53 |          31.71 |           nan |
| Gross Profit                          |         140.92 |         118.87 |         121.23 |         101.3  |         101.82 |          85.3  |          79.74 |          66.82 |          61.89 |          53.85 |           nan |
| Selling, General & Admin              |          25.19 |          26.56 |          21.45 |          22.02 |          19.52 |          17.14 |          15.3  |          14.41 |          11.49 |           7.01 |           nan |
| Depreciation & Amortization           |          79.03 |          71.82 |          66.05 |          55.75 |          51.1  |          51.94 |          45.09 |          36.14 |          32.58 |          26.41 |           nan |
| Operating Expenses                    |         104.22 |          98.38 |          87.5  |          77.77 |          70.62 |          69.09 |          60.39 |          50.55 |          44.07 |          33.42 |           nan |
| Operating Income                      |          36.71 |          20.49 |          33.73 |          23.53 |          31.2  |          16.21 |          19.35 |          16.28 |          17.82 |          20.43 |           nan |
| Interest Expense                      |         -49.41 |         -47.71 |         -31.28 |         -27.7  |         -24.77 |         -23.26 |         -26.13 |         -28.3  |         -29.4  |         -26.83 |           nan |
| Interest & Investment Income          |         nan    |          10.97 |         nan    |           1.76 |         nan    |           3.93 |         nan    |           4.45 |         nan    |           9.56 |           nan |
| Earnings From Equity Investments      |          -3.37 |          -2.21 |          -2.06 |          -1.61 |          -0.27 |         nan    |         nan    |         nan    |         nan    |         nan    |           nan |
| Other Non Operating Income (Expenses) |         nan    |          -3.38 |         nan    |           0.03 |           0.9  |          -2.69 |           3.14 |          -2.35 |           2.71 |          -8.75 |           nan |
| EBT Excluding Unusual Items           |         -16.08 |         -21.83 |           0.39 |          -3.99 |           7.07 |          -5.81 |          -3.64 |          -9.93 |          -8.88 |          -5.58 |           nan |
| Merger & Restructuring Charges        |         nan    |         nan    |         nan    |         nan    |         nan    |         nan    |         nan    |         nan    |         nan    |          -5.46 |           nan |
| Gain (Loss) on Sale of Investments    |         nan    |          -0.46 |          -1.34 |          -7.92 |         nan    |         nan    |         nan    |         nan    |         nan    |         nan    |           nan |
| Other Unusual Items                   |         nan    |         nan    |         nan    |         nan    |           3.19 |         nan    |         -14.19 |           0.2  |         nan    |           2.36 |           nan |
| Pretax Income                         |         -16.08 |         -22.29 |          -0.95 |         -11.91 |          10.26 |          -5.81 |         -17.82 |          -9.73 |          -8.88 |          -8.68 |           nan |
| Income Tax Expense                    |           6.41 |           0.57 |           1.83 |         -10.8  |         nan    |         nan    |         nan    |          30.42 |          -3.99 |          -2.01 |           nan |
| Net Income                            |         -22.49 |         -22.86 |          -2.78 |          -1.12 |          10.26 |          -5.81 |         -17.82 |         -40.15 |          -4.89 |          -6.68 |           nan |
| Net Income to Common                  |         -22.49 |         -22.86 |          -2.78 |          -1.12 |          10.26 |          -5.81 |         -17.82 |         -40.15 |          -4.89 |          -6.68 |           nan |
| Shares Outstanding (Basic)            |         515    |         469    |         456    |         457    |         456    |         455    |         456    |         372    |         344    |         344    |           nan |
| Shares Outstanding (Diluted)          |         515    |         469    |         456    |         460    |         458    |         455    |         456    |         372    |         344    |         344    |           nan |
| Shares Change (YoY)                   |          12.82 |           1.85 |          -0.39 |           1.05 |           0.44 |          22.34 |          32.34 |           8.13 |           0.82 |          11.01 |           nan |
| EPS (Basic)                           |          -0.04 |          -0.05 |          -0.01 |          -0    |           0.02 |          -0.01 |          -0.04 |          -0.11 |          -0.01 |          -0.02 |           nan |
| EPS (Diluted)                         |          -0.04 |          -0.05 |          -0.01 |          -0    |           0.02 |          -0.01 |          -0.04 |          -0.11 |          -0.01 |          -0.02 |           nan |
| Free Cash Flow                        |        -165.95 |        -276.76 |        -280.5  |        -255.64 |        -191.21 |         -59.25 |        -118.25 |        -146.25 |        -197.87 |        -131.59 |           nan |
| Free Cash Flow Per Share              |          -0.32 |          -0.59 |          -0.62 |          -0.56 |          -0.42 |          -0.13 |          -0.26 |          -0.39 |          -0.57 |          -0.38 |           nan |
| Operating Margin                      |          16.27 |          10.11 |          20.58 |          16.05 |          21.59 |          13.03 |          15.91 |          15.45 |          18.67 |          23.88 |           nan |
| Free Cash Flow Margin                 |         -73.54 |        -136.54 |        -171.15 |        -174.46 |        -132.31 |         -47.61 |         -97.23 |        -138.81 |        -207.37 |        -153.81 |           nan |
| EBITDA                                |         115.73 |          78.52 |          99.78 |          71    |          82.3  |          59.85 |          64.44 |          47.35 |          50.4  |          40.17 |           nan |
| D&A For EBITDA                        |          79.03 |          58.03 |          66.05 |          47.48 |          51.1  |          43.64 |          45.09 |          31.07 |          32.58 |          19.74 |           nan |
| EBIT                                  |          36.71 |          20.49 |          33.73 |          23.53 |          31.2  |          16.21 |          19.35 |          16.28 |          17.82 |          20.43 |           nan |
| Revenue as Reported                   |         nan    |         nan    |         nan    |         nan    |         144.51 |         nan    |         121.62 |         nan    |          97.75 |          88.5  |           nan |

## ratio annually
| Year Ending              |   Current |   Jun 30, 2023 |   Jun 30, 2022 |   Jun 30, 2021 |   Jun 30, 2020 |   Jun 30, 2019 |   2018 - 2013 |
|:-------------------------|----------:|---------------:|---------------:|---------------:|---------------:|---------------:|--------------:|
| Market Capitalization    |  10022    |        6474    |        4860    |        5406    |        4496    |        2230    |           nan |
| Market Cap Growth        |     69.77 |          33.21 |         -10.09 |          20.24 |         101.58 |         -13.8  |           nan |
| Enterprise Value         |  10881    |        7450    |        5271    |        5548    |        5168    |        2548    |           nan |
| Last Close Price         |     16.69 |          12.44 |          10.42 |          11.62 |           9.68 |           6.36 |           nan |
| PE Ratio                 |    nan    |        -224.13 |         523.82 |        -223.87 |         -77    |        -222.04 |           nan |
| PS Ratio                 |     19.34 |          17.87 |          16.7  |          21.97 |          22.39 |          13.14 |           nan |
| PB Ratio                 |      3.83 |           2.84 |           2.86 |           3.26 |           2.67 |           2.55 |           nan |
| P/FCF Ratio              |    -15.96 |         -11.62 |         -10.88 |         -30.46 |         -13.06 |          -7.25 |           nan |
| P/OCF Ratio              |     62.85 |          51.19 |          41.48 |          40.58 |          83.7  |          56.66 |           nan |
| EV/Sales Ratio           |     25.65 |          20.56 |          18.11 |          22.55 |          25.74 |          15.01 |           nan |
| EV/EBITDA Ratio          |     57.28 |          42.8  |          34.38 |          44.64 |          52.87 |          34.69 |           nan |
| EV/EBIT Ratio            |    229.53 |         148.99 |          96.32 |         156.01 |         151.57 |          80.41 |           nan |
| EV/FCF Ratio             |    -24.58 |         -13.37 |         -11.8  |         -31.26 |         -15.02 |          -8.28 |           nan |
| Debt / Equity Ratio      |      0.65 |           0.63 |           0.67 |           0.52 |           0.52 |           0.99 |           nan |
| Debt / EBITDA Ratio      |      7.4  |           8.03 |           7.2  |           6.7  |           8.62 |          10.98 |           nan |
| Debt / FCF Ratio         |     -3.27 |          -2.59 |          -2.54 |          -4.85 |          -2.54 |          -2.82 |           nan |
| Asset Turnover           |      0.12 |           0.11 |           0.1  |           0.09 |           0.09 |           0.11 |           nan |
| Quick Ratio              |      7.49 |           8.94 |           4.8  |           9.08 |           2.48 |           6.42 |           nan |
| Current Ratio            |      7.83 |           9.3  |           5.06 |           9.27 |           2.52 |           6.63 |           nan |
| Return on Equity (ROE)   |     -2.31 |          -1.29 |           0.54 |          -1.41 |          -3.52 |          -1.11 |           nan |
| Return on Assets (ROA)   |      0.95 |           0.92 |           1.22 |           0.84 |           0.95 |           1.29 |           nan |
| Return on Capital (ROIC) |      0.99 |           0.95 |           1.28 |           0.88 |           0.99 |           1.35 |           nan |
| Earnings Yield           |     -0.55 |          -0.4  |           0.19 |          -0.44 |          -1    |          -0.44 |           nan |
| FCF Yield                |     -4.42 |          -8.61 |          -9.19 |          -3.28 |          -7.65 |         -13.8  |           nan |
| Buyback Yield / Dilution |     -7.66 |          -0.73 |          -0.75 |         -27.15 |          -4.49 |         -14.25 |           nan |
| Total Shareholder Return |     -7.66 |          -0.73 |          -0.75 |         -27.15 |          -4.49 |         -14.25 |           nan |

## cash flow annually
| Year Ending                          |     TTM |   Jun 30, 2023 |   Jun 30, 2022 |   Jun 30, 2021 |   Jun 30, 2020 |   Jun 30, 2019 |   2018 - 2013 |
|:-------------------------------------|--------:|---------------:|---------------:|---------------:|---------------:|---------------:|--------------:|
| Net Income                           |  -45.34 |         -25.64 |           9.14 |         -23.63 |         -45.04 |          -9.82 |           nan |
| Depreciation & Amortization          |  142.56 |         129.58 |         102.89 |          92.89 |          67.38 |          47.33 |           nan |
| Other Amortization                   |   28.43 |          28.43 |          12.4  |          11.38 |           1.34 |           1.12 |           nan |
| Loss (Gain) From Sale of Assets      |  nan    |         nan    |         nan    |         nan    |          -0.2  |          -0.62 |           nan |
| Loss (Gain) From Sale of Investments |    1.8  |           1.8  |           7.92 |         nan    |         nan    |         nan    |           nan |
| Loss (Gain) on Equity Investments    |    4.26 |           4.26 |           1.88 |         nan    |         nan    |         nan    |           nan |
| Stock-Based Compensation             |    3.48 |           3.48 |           2.99 |           3    |           2.76 |           2.18 |           nan |
| Other Operating Activities           |   -4.91 |           2.4  |         -14.29 |          14.18 |         nan    |         nan    |           nan |
| Change in Accounts Receivable        |   -9.31 |          -9.31 |           4.47 |          -5.37 |         -11.35 |           6.88 |           nan |
| Change in Accounts Payable           |    9.39 |           9.39 |           0.8  |           3.18 |           1.71 |          -6.03 |           nan |
| Change in Unearned Revenue           |   -2.82 |          -2.82 |          -2.65 |          27.43 |           9.05 |          -0.2  |           nan |
| Change in Other Net Operating Assets |  -15.09 |         -15.09 |          -8.38 |          10.17 |           1.63 |           4.78 |           nan |
| Operating Cash Flow                  |  112.43 |         126.47 |         117.18 |         133.22 |          53.71 |          39.36 |           nan |
| Operating Cash Flow Growth           |   -5.5  |           7.93 |         -12.04 |         148.01 |          36.46 |          17.88 |           nan |
| Capital Expenditures                 | -555.14 |        -683.73 |        -564.02 |        -310.71 |        -397.83 |        -347.15 |           nan |
| Cash Acquisitions                    |  nan    |         nan    |         nan    |         nan    |         nan    |        -153.85 |           nan |
| Sale (Purchase) of Intangibles       |  -19.85 |         -22.27 |         -17.82 |          -7.79 |          -6.87 |         -12.16 |           nan |
| Investment in Securities             |   -4.02 |          -4.02 |         -18.09 |         nan    |         nan    |          -1.01 |           nan |
| Investing Cash Flow                  | -579    |        -710.02 |        -599.93 |        -318.5  |        -404.7  |        -514.17 |           nan |
| Long-Term Debt Issued                |  nan    |         300    |         300    |         800    |         nan    |         500.75 |           nan |
| Total Debt Issued                    |  100    |         nan    |         nan    |         nan    |         nan    |         nan    |           nan |
| Long-Term Debt Repaid                |  nan    |          -1.12 |          -0.9  |        -800.97 |          -0.39 |         -30.08 |           nan |
| Total Debt Repaid                    |   -1.36 |         nan    |         nan    |         nan    |         nan    |         nan    |           nan |
| Net Debt Issued (Repaid)             |   98.64 |         298.88 |         299.1  |          -0.97 |          -0.39 |         470.67 |           nan |
| Issuance of Common Stock             |  617.94 |         617.94 |         nan    |         nan    |         862.02 |         nan    |           nan |
| Repurchase of Common Stock           |  nan    |         nan    |         nan    |         nan    |         nan    |          -0.04 |           nan |
| Other Financing Activities           |  -23.78 |         -23.76 |         -12.12 |         -54.36 |         -16.71 |         -14.81 |           nan |
| Financing Cash Flow                  |  692.8  |         893.06 |         286.98 |         -55.33 |         844.93 |         455.82 |           nan |
| Foreign Exchange Rate Adjustments    |   -0.6  |          -0.24 |         nan    |         nan    |         nan    |         nan    |           nan |
| Net Cash Flow                        |  225.64 |         309.28 |        -195.77 |        -240.61 |         493.94 |         -18.98 |           nan |
| Free Cash Flow                       | -442.71 |        -557.26 |        -446.85 |        -177.49 |        -344.12 |        -307.79 |           nan |
| Free Cash Flow Margin                | -104.38 |        -153.78 |        -153.53 |         -72.13 |        -171.39 |        -181.37 |           nan |
| Free Cash Flow Per Share             |   -0.9  |          -1.21 |          -0.97 |          -0.39 |          -0.96 |          -0.9  |           nan |
| Cash Interest Paid                   |   75.95 |          57.95 |          42.31 |          42.45 |          51.09 |          51.24 |           nan |
| Levered Free Cash Flow               | -438.71 |        -591.92 |        -442.15 |        -221.72 |        -353.36 |        -300.14 |           nan |
| Unlevered Free Cash Flow             | -398.15 |        -562.69 |        -417.8  |        -198.08 |        -317.29 |        -265.83 |           nan |
| Change in Net Working Capital        |   10.61 |          29.29 |         -20    |           1.84 |           5.38 |         -23.05 |           nan |

## balance sheet annually
| Year Ending                       |     TTM |   Jun 30, 2023 |   Jun 30, 2022 |   Jun 30, 2021 |   Jun 30, 2020 |   Jun 30, 2019 |   2018 - 2013 |
|:----------------------------------|--------:|---------------:|---------------:|---------------:|---------------:|---------------:|--------------:|
| Cash & Equivalents                |  589.47 |         765.84 |         456.56 |         652.33 |         892.94 |         399    |           nan |
| Cash & Short-Term Investments     |  589.47 |         765.84 |         456.56 |         652.33 |         892.94 |         399    |           nan |
| Cash Growth                       |   62.02 |          67.74 |         -30.01 |         -26.95 |         123.79 |          -4.54 |           nan |
| Accounts Receivable               |   65.07 |          45.2  |          29.5  |          37.73 |          36.55 |          27.58 |           nan |
| Other Receivables                 |  nan    |           8.99 |          14.84 |          11.99 |           8.51 |           6.28 |           nan |
| Receivables                       |   65.07 |          54.19 |          44.34 |          49.72 |          45.07 |          33.86 |           nan |
| Prepaid Expenses                  |  nan    |           6.31 |           4.56 |           4.87 |           4.31 |           2.63 |           nan |
| Other Current Assets              |   29.16 |          26.91 |          22.24 |           9.77 |          13.8  |          11.8  |           nan |
| Total Current Assets              |  683.69 |         853.25 |         527.7  |         716.7  |         956.11 |         447.29 |           nan |
| Property, Plant & Equipment       | 3044    |        2895    |        2359    |        1881    |        1671    |        1328    |           nan |
| Long-Term Investments             |    2.9  |           6.27 |           8.32 |         nan    |         nan    |         nan    |           nan |
| Other Intangible Assets           |   53.98 |          51.98 |          38.22 |          20.75 |          27.22 |          23.68 |           nan |
| Long-Term Deferred Tax Assets     |  nan    |         nan    |         nan    |         nan    |         nan    |          21.55 |           nan |
| Long-Term Deferred Charges        |   19.74 |          18.57 |          14.17 |          22.7  |           3.34 |           4.9  |           nan |
| Other Long-Term Assets            |    8.19 |          25.03 |          29.54 |         nan    |         nan    |         nan    |           nan |
| Total Assets                      | 3813    |        3850    |        2977    |        2641    |        2657    |        1826    |           nan |
| Accounts Payable                  |   70.29 |          37.74 |          18.31 |          37.31 |          32.67 |          44.84 |           nan |
| Accrued Expenses                  |  nan    |           8.38 |           9.69 |           7.88 |           7.29 |           2.85 |           nan |
| Current Portion of Long-Term Debt |  nan    |         nan    |         nan    |         nan    |         301.81 |         nan    |           nan |
| Current Portion of Leases         |    6.9  |           6.68 |           6.23 |           5.97 |           5.06 |           4.95 |           nan |
| Current Unearned Revenue          |   10.17 |          12.55 |          16.5  |          15.31 |           7.09 |           5.82 |           nan |
| Other Current Liabilities         |  nan    |          26.41 |          53.61 |          10.83 |          24.93 |           8.96 |           nan |
| Total Current Liabilities         |   87.37 |          91.77 |         104.33 |          77.29 |         378.84 |          67.42 |           nan |
| Long-Term Debt                    | 1370    |        1365    |        1059    |         783.49 |         496.43 |         793.85 |           nan |
| Long-Term Leases                  |   70.36 |          69.96 |          70.63 |          71.33 |          71.78 |          68.38 |           nan |
| Long-Term Unearned Revenue        |   43.3  |          44.84 |          43.72 |          46.97 |          27.76 |          19.98 |           nan |
| Other Long-Term Liabilities       |    1.68 |           1.38 |           1.04 |           1.61 |           1.29 |           0.96 |           nan |
| Total Liabilities                 | 1573    |        1573    |        1278    |         980.69 |         976.1  |         950.59 |           nan |
| Common Stock                      | 2372    |        2371    |        1763    |        1760    |        1757    |         905.12 |           nan |
| Retained Earnings                 | -145.99 |        -123.5  |         -97.86 |        -107.01 |         -83.48 |         -36.23 |           nan |
| Comprensive Income & Other        |   13.85 |          28.97 |          33.73 |           7.69 |           7.61 |           6.41 |           nan |
| Shareholders' Equity              | 2240    |        2277    |        1699    |        1660    |        1681    |         875.3  |           nan |
| Total Liabilities & Equity        | 3813    |        3850    |        2977    |        2641    |        2657    |        1826    |           nan |
| Total Debt                        | 1448    |        1442    |        1136    |         860.78 |         875.07 |         867.18 |           nan |
| Net Cash (Debt)                   | -858.21 |        -676.23 |        -679.06 |        -208.45 |          17.87 |        -468.18 |           nan |
| Net Cash Per Share                |   -1.75 |          -1.46 |          -1.48 |          -0.46 |           0.05 |          -1.37 |           nan |
| Filing Date Shares Outstanding    |  514.53 |         514.65 |         456.65 |         455.8  |         455.05 |         343.66 |           nan |
| Total Common Shares Outstanding   |  514.53 |         514.65 |         456.65 |         455.8  |         455.05 |         343.66 |           nan |
| Working Capital                   |  596.32 |         761.49 |         423.37 |         639.4  |         577.27 |         379.87 |           nan |
| Book Value Per Share              |    4.35 |           4.42 |           3.72 |           3.64 |           3.69 |           2.55 |           nan |
| Tangible Book Value               | 2186    |        2225    |        1660    |        1640    |        1654    |         851.63 |           nan |
| Tangible Book Value Per Share     |    4.25 |           4.32 |           3.64 |           3.6  |           3.64 |           2.48 |           nan |
| Land                              |  nan    |        1843    |        1084    |         953.62 |         773.05 |         513.97 |           nan |
| Machinery                         |  nan    |        1177    |        1012    |         925.93 |         791.91 |         507.14 |           nan |
| Construction In Progress          |  nan    |         238.77 |         575.63 |         211.14 |         223.38 |         363.45 |           nan |

