## ratio quarterly
| Period Ending            |   Current |   Dec 31, 2023 |   Jun 30, 2023 |   Dec 31, 2022 |   Jun 30, 2022 |   Dec 31, 2021 |   Jun 30, 2021 |   Dec 31, 2020 |   Jun 30, 2020 |   Dec 31, 2019 |   Jun 30, 2019 |   +2 Quarters |
|:-------------------------|----------:|---------------:|---------------:|---------------:|---------------:|---------------:|---------------:|---------------:|---------------:|---------------:|---------------:|--------------:|
| Market Capitalization    |   1780    |        1680    |        1722    |        1623    |        2392    |        3942    |        9899    |        9857    |       10574    |       10381    |        9031    |           nan |
| Market Cap Growth        |      3.53 |           3.53 |         -28.03 |         -58.83 |         -75.83 |         -60.01 |          -6.38 |          -5.05 |          17.08 |         149.02 |         119.97 |           nan |
| Enterprise Value         |   1463    |        1317    |        1382    |        1215    |        2115    |        3745    |        9576    |        9436    |       10160    |       10183    |        8872    |           nan |
| Last Close Price         |      9.85 |           8.98 |           8.58 |           7.69 |          10.58 |          16.49 |          40.75 |          39.82 |          42.24 |          40.94 |          35.86 |           nan |
| PE Ratio                 |      8.81 |           8.03 |           8.57 |           6.61 |           5.11 |           9.67 |          28.16 |          18.05 |          19.36 |          18.35 |          16.83 |           nan |
| PS Ratio                 |      4.45 |           4.18 |           4    |           4.64 |           4.35 |           5    |          13.75 |          14.87 |          15.22 |          14.77 |          14.67 |           nan |
| PB Ratio                 |      1.9  |           1.79 |           1.79 |           1.71 |           2.33 |           3.57 |          10    |           8.97 |          10.11 |          10.26 |          12.3  |           nan |
| P/FCF Ratio              |     18.34 |          18.34 |           9.23 |           5.67 |           5.51 |           9.79 |          24.68 |          23.26 |          26.58 |          27.4  |          28.72 |           nan |
| P/OCF Ratio              |     18.31 |          18.31 |           9.23 |           5.67 |           5.5  |           9.78 |          24.67 |          23.25 |          26.57 |          27.37 |          28.69 |           nan |
| EV/Sales Ratio           |      3.64 |           3.28 |           3.21 |           3.47 |           3.84 |           4.75 |          13.3  |          14.24 |          14.62 |          14.49 |          14.41 |           nan |
| EV/EBITDA Ratio          |      5.17 |           4.67 |           4.62 |           5.66 |           5.06 |           5.6  |          15.66 |          17.22 |          17.63 |          17.14 |          17.31 |           nan |
| EV/EBIT Ratio            |      5.25 |           4.7  |           4.68 |           5.79 |           5.12 |           5.64 |          15.78 |          17.39 |          17.78 |          17.31 |          17.48 |           nan |
| EV/FCF Ratio             |     15.97 |          14.37 |           7.41 |           4.25 |           4.87 |           9.3  |          23.88 |          22.27 |          25.54 |          26.88 |          28.22 |           nan |
| Debt / Equity Ratio      |      0.01 |           0.01 |           0.01 |           0.01 |           0.01 |           0.01 |           0.01 |           0.01 |           0.02 |           0.02 |         nan    |           nan |
| Debt / EBITDA Ratio      |      0.03 |         nan    |         nan    |         nan    |         nan    |         nan    |         nan    |         nan    |         nan    |         nan    |         nan    |           nan |
| Debt / FCF Ratio         |      0.1  |           0.1  |           0.05 |           0.04 |           0.03 |           0.03 |           0.04 |           0.04 |           0.04 |           0.05 |         nan    |           nan |
| Quick Ratio              |      2.96 |         nan    |         nan    |         nan    |         nan    |         nan    |         nan    |         nan    |         nan    |         nan    |         nan    |           nan |
| Current Ratio            |      3.38 |         nan    |         nan    |         nan    |         nan    |         nan    |         nan    |         nan    |         nan    |         nan    |         nan    |           nan |
| Earnings Yield           |     11.36 |          12.08 |          10.61 |          13.26 |          16.01 |           7.98 |           2.68 |           4.09 |           3.75 |           3.84 |           4.17 |           nan |
| FCF Yield                |      5.15 |           5.45 |          10.83 |          17.63 |          18.16 |          10.22 |           4.05 |           4.3  |           3.76 |           3.65 |           3.48 |           nan |
| Dividend Yield           |      6.45 |           7.24 |           9.62 |          14.55 |          16.54 |          12.9  |           4.9  |           4.74 |           4.37 |           4.17 |           4.23 |           nan |
| Payout Ratio             |     73.04 |         nan    |         nan    |         nan    |         nan    |         nan    |         nan    |         nan    |         nan    |         nan    |         nan    |           nan |
| Buyback Yield / Dilution |      1.76 |           1.26 |           2.24 |           0.51 |          -1.04 |          -0.86 |          -0.81 |          -1.24 |          -2.93 |          -2.33 |          -1.25 |           nan |
| Total Shareholder Return |      8.21 |           8.5  |          11.86 |          15.06 |          15.5  |          12.04 |           4.09 |           3.5  |           1.44 |           1.84 |           2.99 |           nan |

## ratio annually
| Year Ending              |   Current |   Jun 30, 2023 |   Jun 30, 2022 |   Jun 30, 2021 |   Jun 30, 2020 |   Jun 30, 2019 |   2018 - 2013 |
|:-------------------------|----------:|---------------:|---------------:|---------------:|---------------:|---------------:|--------------:|
| Market Capitalization    |   1780    |        1722    |        2392    |        9899    |       10574    |        9031    |           nan |
| Market Cap Growth        |      3.53 |         -28.03 |         -75.83 |          -6.38 |          17.08 |         119.97 |           nan |
| Enterprise Value         |   1463    |        1382    |        2115    |        9576    |       10160    |        8872    |           nan |
| Last Close Price         |      9.85 |           8.58 |          10.58 |          40.75 |          42.24 |          35.86 |           nan |
| PE Ratio                 |      8.81 |           8.58 |           5.12 |          28.18 |          19.35 |          16.83 |           nan |
| PS Ratio                 |      4.45 |           4    |           4.35 |          13.75 |          15.22 |          14.67 |           nan |
| PB Ratio                 |      1.9  |           1.79 |           2.33 |          10    |          10.11 |          12.3  |           nan |
| P/FCF Ratio              |     18.34 |           9.23 |           5.51 |          24.68 |          26.58 |          28.72 |           nan |
| P/OCF Ratio              |     18.31 |           9.23 |           5.5  |          24.67 |          26.57 |          28.69 |           nan |
| EV/Sales Ratio           |      3.64 |           3.21 |           3.84 |          13.3  |          14.62 |          14.41 |           nan |
| EV/EBITDA Ratio          |      5.17 |           4.62 |           5.06 |          15.66 |          17.63 |          17.31 |           nan |
| EV/EBIT Ratio            |      5.25 |           4.68 |           5.12 |          15.78 |          17.78 |          17.48 |           nan |
| EV/FCF Ratio             |     15.97 |           7.41 |           4.87 |          23.88 |          25.54 |          28.22 |           nan |
| Debt / Equity Ratio      |      0.01 |           0.01 |           0.01 |           0.01 |           0.02 |         nan    |           nan |
| Debt / EBITDA Ratio      |      0.03 |           0.03 |           0.03 |           0.02 |           0.03 |         nan    |           nan |
| Debt / FCF Ratio         |      0.1  |           0.05 |           0.03 |           0.04 |           0.04 |         nan    |           nan |
| Asset Turnover           |      0.37 |           0.35 |           0.45 |           0.62 |           0.72 |           0.83 |           nan |
| Quick Ratio              |      2.96 |           1.92 |           2.41 |           1.55 |           9.62 |           6.08 |           nan |
| Current Ratio            |      3.38 |           1.95 |           2.43 |           1.59 |           9.83 |           6.2  |           nan |
| Return on Equity (ROE)   |     21.54 |          18.36 |          37.99 |          26.05 |          44.52 |          55.66 |           nan |
| Return on Assets (ROA)   |     15.92 |          15.13 |          21.01 |          32.41 |          37.13 |          43    |           nan |
| Return on Capital (ROIC) |     18.38 |          18.36 |          25.27 |          36.69 |          39.75 |          46.83 |           nan |
| Earnings Yield           |     11.36 |          10.61 |          16.01 |           2.68 |           3.75 |           4.17 |           nan |
| FCF Yield                |      5.15 |          10.83 |          18.16 |           4.05 |           3.76 |           3.48 |           nan |
| Dividend Yield           |      6.45 |           9.62 |          16.54 |           4.9  |           4.37 |           4.23 |           nan |
| Payout Ratio             |     73.04 |         111.63 |          94.17 |         129.4  |          77.1  |          69.33 |           nan |
| Buyback Yield / Dilution |      1.76 |           1.38 |          -0.95 |          -1.02 |          -2.63 |          -1.91 |           nan |
| Total Shareholder Return |      8.21 |          11    |          15.59 |           3.88 |           1.74 |           2.32 |           nan |

## cash flow quarterly
| Period Ending                        |   Dec 31, 2023 |   Jun 30, 2023 |   Dec 31, 2022 |   Jun 30, 2022 |   Dec 31, 2021 |   Jun 30, 2021 |   Dec 31, 2020 |   Jun 30, 2020 |   Dec 31, 2019 |   Jun 30, 2019 |   +2 Quarters |
|:-------------------------------------|---------------:|---------------:|---------------:|---------------:|---------------:|---------------:|---------------:|---------------:|---------------:|---------------:|--------------:|
| Net Income                           |         104.06 |          98.9  |          83.76 |         131.38 |         251.63 |          62.83 |         202.33 |         200.54 |         195.68 |         203.42 |           nan |
| Depreciation & Amortization          |           1.92 |           2.45 |           3.59 |           3.59 |           3.56 |           3.49 |           3.59 |           3.72 |           3.38 |           2.54 |           nan |
| Loss (Gain) From Sale of Investments |         nan    |         -39.04 |         nan    |          22.93 |         nan    |         -35.86 |         nan    |          -1.39 |         nan    |         -43.95 |           nan |
| Loss (Gain) on Equity Investments    |         nan    |          12.45 |         nan    |          -8.38 |         nan    |          41.72 |         nan    |         nan    |         nan    |         nan    |           nan |
| Stock-Based Compensation             |         nan    |           3.85 |         nan    |           1.28 |         nan    |         nan    |         nan    |         nan    |         nan    |         nan    |           nan |
| Other Operating Activities           |        -110.7  |         -21.42 |           2.75 |          14.43 |         -16.67 |         -30.39 |          31.03 |         -14.87 |          11.98 |          11.3  |           nan |
| Change in Accounts Receivable        |         nan    |          10.18 |         nan    |          49.52 |         nan    |          13.14 |         nan    |          -3.81 |         nan    |         -14.64 |           nan |
| Change in Accounts Payable           |         nan    |          30.45 |         nan    |         -17.47 |         nan    |         160.97 |         nan    |           8.03 |         nan    |           9.28 |           nan |
| Change in Income Taxes               |         nan    |          -5.71 |         nan    |           6.91 |         nan    |          -8.6  |         nan    |           0.82 |         nan    |         -10.35 |           nan |
| Change in Other Net Operating Assets |         nan    |           0.01 |         nan    |           0.36 |         nan    |          -0.58 |         nan    |           0.27 |         nan    |           0.18 |           nan |
| Operating Cash Flow                  |          -4.72 |          96.48 |          90.1  |         196.11 |         238.52 |         164.39 |         236.94 |         187    |         211.04 |         168.26 |           nan |
| Operating Cash Flow Growth           |         nan    |         -50.8  |         -62.23 |          19.29 |           0.67 |         -12.09 |          12.27 |          11.13 |          44.03 |          14.74 |           nan |
| Capital Expenditures                 |          -0.13 |          -0.02 |          -0.09 |          -0.12 |          -0.15 |          -0.12 |          -0.15 |          -0.1  |          -0.17 |          -0.28 |           nan |
| Sale of Property, Plant & Equipment  |         nan    |         nan    |         nan    |         nan    |         nan    |         nan    |         nan    |         nan    |         nan    |           0    |           nan |
| Investment in Securities             |          82.84 |           9.7  |           6.9  |         141.21 |          -6.2  |        -113.49 |        -115.69 |          -5.38 |         -50.24 |          -0.91 |           nan |
| Other Investing Activities           |         nan    |         nan    |          -0.02 |         nan    |         nan    |         nan    |           0.37 |         nan    |          -0.01 |          -0.07 |           nan |
| Investing Cash Flow                  |          82.71 |           9.68 |           6.8  |         141.09 |          -6.34 |        -113.61 |        -107.97 |         -10.48 |         -52.91 |          -1.25 |           nan |
| Long-Term Debt Repaid                |          -1.29 |         nan    |          -1.23 |         nan    |          -1.16 |         nan    |          -1.85 |         nan    |          -1.02 |         nan    |           nan |
| Total Debt Repaid                    |          -1.29 |          -1.27 |          -1.23 |          -1.23 |          -1.16 |          -0.79 |          -1.85 |          -0.92 |          -1.02 |         nan    |           nan |
| Net Debt Issued (Repaid)             |          -1.29 |          -1.27 |          -1.23 |          -1.23 |          -1.16 |          -0.79 |          -1.85 |          -0.92 |          -1.02 |         nan    |           nan |
| Issuance of Common Stock             |           5.05 |           2.35 |           1.13 |           0.62 |          25.54 |           0.07 |           0.68 |           0.3  |         271.69 |           0.29 |           nan |
| Repurchase of Common Stock           |          -2.78 |          -0.6  |         -39.84 |          -6.89 |         nan    |         nan    |         nan    |         nan    |         nan    |         nan    |           nan |
| Common Dividends Paid                |         -63.73 |         -84.51 |        -119.39 |        -202.89 |        -157.8  |        -177.3  |        -165.81 |        -168.38 |        -137.11 |        -129.99 |           nan |
| Other Financing Activities           |         nan    |         nan    |          -0.03 |         nan    |         nan    |          -0.02 |          -0.1  |         nan    |         nan    |         nan    |           nan |
| Financing Cash Flow                  |        -124.8  |         -84.03 |        -166.58 |        -210.39 |        -154.55 |        -178.04 |        -222.49 |        -169.01 |          74.41 |        -129.7  |           nan |
| Foreign Exchange Rate Adjustments    |          -0.45 |           0.52 |           0.56 |           1.64 |           2.27 |           0.07 |          -5.24 |          -2.7  |           1.99 |           1.08 |           nan |
| Net Cash Flow                        |         -47.25 |          22.65 |         -69.13 |         128.45 |          79.89 |        -127.19 |         -98.75 |           4.81 |         234.52 |          38.4  |           nan |
| Free Cash Flow                       |          -4.84 |          96.46 |          90.01 |         195.99 |         238.37 |         164.27 |         236.79 |         186.9  |         210.87 |         167.99 |           nan |
| Free Cash Flow Growth                |         nan    |         -50.78 |         -62.24 |          19.31 |           0.67 |         -12.11 |          12.29 |          11.26 |          44.01 |          14.61 |           nan |
| Free Cash Flow Margin                |          -2.85 |          41.61 |          45.25 |         129.67 |          59.75 |          42.13 |          71.77 |          56.17 |          58.24 |          49.3  |           nan |
| Free Cash Flow Per Share             |          -0.03 |           0.53 |           0.49 |           1.06 |           1.29 |           0.89 |           1.29 |           1.03 |           1.17 |           0.95 |           nan |
| Cash Interest Paid                   |           0.73 |           0.73 |           0.84 |           1.1  |           1.13 |           2.14 |           0.54 |           0.57 |           0.59 |           0.21 |           nan |
| Cash Income Tax Paid                 |          32.77 |          27.12 |          46.82 |          48.13 |          65.79 |          54.51 |          68.34 |          60.17 |          63.99 |          46.8  |           nan |
| Levered Free Cash Flow               |         -23.21 |         144.8  |          78.33 |         100.95 |         208.69 |         366.21 |         188.18 |         127.12 |         231.11 |         181.44 |           nan |
| Unlevered Free Cash Flow             |         -22.75 |         144.6  |          78.81 |         100.59 |         209.39 |         366.27 |         188.51 |         127.2  |         231.48 |         181.31 |           nan |

## cash flow annually
| Year Ending                          |     TTM |   Jun 30, 2023 |   Jun 30, 2022 |   Jun 30, 2021 |   Jun 30, 2020 |   Jun 30, 2019 |   2018 - 2013 |
|:-------------------------------------|--------:|---------------:|---------------:|---------------:|---------------:|---------------:|--------------:|
| Net Income                           |  202.96 |         182.66 |         383.01 |         265.16 |         396.21 |         376.95 |           nan |
| Depreciation & Amortization          |    4.37 |           6.04 |           7.14 |           7.07 |           7.1  |           4.93 |           nan |
| Loss (Gain) From Sale of Investments |  -39.04 |         -39.04 |          22.93 |         -35.86 |          -1.39 |         -43.95 |           nan |
| Loss (Gain) on Equity Investments    |   12.45 |          12.45 |          -8.38 |          41.72 |         nan    |         nan    |           nan |
| Stock-Based Compensation             |    3.85 |           3.85 |           1.28 |         nan    |         nan    |         nan    |           nan |
| Other Operating Activities           | -132.12 |         -18.67 |          -2.24 |           0.64 |          -2.9  |         -18.09 |           nan |
| Change in Accounts Receivable        |   10.18 |          10.18 |          49.52 |          13.14 |          -3.81 |         -14.64 |           nan |
| Change in Accounts Payable           |   30.45 |          30.45 |         -17.47 |         160.97 |           8.03 |           9.28 |           nan |
| Change in Income Taxes               |   -5.71 |          -5.71 |           6.91 |          -8.6  |           0.82 |         -10.35 |           nan |
| Change in Other Net Operating Assets |    0.01 |           0.01 |           0.36 |          -0.58 |           0.27 |           0.18 |           nan |
| Operating Cash Flow                  |   91.76 |         186.58 |         434.63 |         401.33 |         398.03 |         314.79 |           nan |
| Operating Cash Flow Growth           |  -67.94 |         -57.07 |           8.3  |           0.83 |          26.44 |          84.81 |           nan |
| Capital Expenditures                 |   -0.15 |          -0.11 |          -0.26 |          -0.27 |          -0.26 |          -0.37 |           nan |
| Sale of Property, Plant & Equipment  |  nan    |         nan    |         nan    |         nan    |         nan    |           0    |           nan |
| Cash Acquisitions                    |  nan    |         nan    |         nan    |         nan    |         nan    |          -1.63 |           nan |
| Investment in Securities             |   92.54 |          16.6  |         135.01 |        -229.18 |         -55.63 |          -0.48 |           nan |
| Other Investing Activities           |  nan    |          -0.02 |         nan    |           0.37 |          -0.01 |          -0.04 |           nan |
| Investing Cash Flow                  |   92.39 |          16.47 |         134.75 |        -221.58 |         -63.39 |          -2.52 |           nan |
| Long-Term Debt Repaid                |  nan    |          -2.5  |          -2.39 |          -2.63 |          -1.94 |         nan    |           nan |
| Total Debt Repaid                    |   -2.56 |         nan    |         nan    |         nan    |         nan    |         nan    |           nan |
| Net Debt Issued (Repaid)             |   -2.56 |          -2.5  |          -2.39 |          -2.63 |          -1.94 |         nan    |           nan |
| Issuance of Common Stock             |    7.4  |           3.48 |          26.16 |           0.75 |         271.98 |           2.37 |           nan |
| Repurchase of Common Stock           |   -3.38 |         -40.44 |          -6.89 |         nan    |         nan    |         nan    |           nan |
| Common Dividends Paid                | -148.24 |        -203.9  |        -360.68 |        -343.11 |        -305.49 |        -261.34 |           nan |
| Other Financing Activities           |  nan    |          -0.03 |         nan    |          -0.12 |         nan    |         nan    |           nan |
| Financing Cash Flow                  | -208.84 |        -250.61 |        -364.94 |        -400.52 |         -94.6  |        -285.23 |           nan |
| Foreign Exchange Rate Adjustments    |    0.08 |           1.08 |           3.91 |          -5.17 |          -0.72 |           2.05 |           nan |
| Net Cash Flow                        |  -24.6  |         -46.48 |         208.35 |        -225.94 |         239.33 |          29.09 |           nan |
| Free Cash Flow                       |   91.62 |         186.47 |         434.37 |         401.06 |         397.77 |         314.42 |           nan |
| Free Cash Flow Growth                |  -67.97 |         -57.07 |           8.3  |           0.83 |          26.51 |          84.74 |           nan |
| Free Cash Flow Margin                |   22.82 |          43.29 |          78.96 |          55.71 |          57.25 |          51.08 |           nan |
| Free Cash Flow Per Share             |    0.51 |           1.02 |           2.35 |           2.19 |           2.19 |           1.78 |           nan |
| Cash Interest Paid                   |    1.46 |           1.57 |           2.23 |           2.69 |           1.16 |           0.43 |           nan |
| Cash Income Tax Paid                 |   59.89 |          73.94 |         113.92 |         122.85 |         124.15 |         115.79 |           nan |
| Levered Free Cash Flow               |  121.59 |         223.13 |         309.64 |         554.38 |         358.23 |         308.2  |           nan |
| Unlevered Free Cash Flow             |  121.84 |         223.41 |         309.98 |         554.78 |         358.68 |         308.2  |           nan |
| Change in Net Working Capital        |   60.66 |         -28.97 |         -43.61 |        -168.77 |           5.93 |          13.97 |           nan |

## balance sheet quarterly
| Period Ending                      |   Dec 31, 2023 |   Jun 30, 2023 |   Dec 31, 2022 |   Jun 30, 2022 |   Dec 31, 2021 |   Jun 30, 2021 |   Dec 31, 2020 |   Jun 30, 2020 |   Dec 31, 2019 |   Jun 30, 2019 |   +2 Quarters |
|:-----------------------------------|---------------:|---------------:|---------------:|---------------:|---------------:|---------------:|---------------:|---------------:|---------------:|---------------:|--------------:|
| Cash & Equivalents                 |         326.19 |         373.45 |         350.8  |         419.92 |         291.47 |         211.58 |         338.76 |         437.51 |         432.71 |         198.19 |           nan |
| Cash & Short-Term Investments      |         326.19 |         373.45 |         350.8  |         419.92 |         291.47 |         211.58 |         338.76 |         437.51 |         432.71 |         198.19 |           nan |
| Cash Growth                        |          -7.01 |         -11.07 |          20.36 |          98.47 |         -13.96 |         -51.64 |         -21.71 |         120.76 |         170.8  |          17.21 |           nan |
| Accounts Receivable                |         nan    |          53.45 |         nan    |          64.3  |         nan    |         114    |         nan    |         126.83 |         126.38 |         123.37 |           nan |
| Other Receivables                  |         nan    |           1.19 |         nan    |           0.35 |         nan    |           0.13 |         nan    |           0.38 |         nan    |           0.44 |           nan |
| Receivables                        |          41.15 |          58.27 |          53.71 |          66.27 |         117.49 |         118.39 |          97.25 |         136.43 |         130.37 |         127.43 |           nan |
| Prepaid Expenses                   |           1.82 |           0.98 |           2.17 |           0.99 |           1.65 |           1.34 |           1.89 |           0.78 |           0.98 |           0.9  |           nan |
| Other Current Assets               |           3.63 |           2.96 |           2.29 |           2.37 |           3.12 |           2.47 |           2.37 |           2.4  |           2.02 |           2.01 |           nan |
| Total Current Assets               |         372.79 |         435.65 |         408.97 |         489.56 |         413.72 |         333.78 |         440.27 |         577.12 |         566.07 |         328.52 |           nan |
| Property, Plant & Equipment        |           6.83 |           7.93 |           8.82 |          10.15 |          11.32 |          12.12 |          13.1  |          14.25 |          15.51 |           0.58 |           nan |
| Long-Term Investments              |         509.36 |         570.23 |         529.94 |         541.73 |         723.61 |         689.65 |         566.53 |         396.42 |         414.22 |         339.08 |           nan |
| Goodwill                           |         nan    |         106.25 |         nan    |         105.29 |         nan    |         102.84 |         nan    |         105.25 |         nan    |         104.7  |           nan |
| Other Intangible Assets            |         107.31 |           2.53 |         109.41 |           6    |         111.79 |          10.22 |         114.47 |          15.3  |         122.13 |          19.81 |           nan |
| Long-Term Deferred Tax Assets      |          34.28 |          45.84 |          51.28 |          49.85 |          28.44 |          41.11 |         nan    |         nan    |         nan    |         nan    |           nan |
| Other Long-Term Assets             |           2.85 |           4.06 |           5.88 |           6.92 |           7.77 |           5.26 |           4.57 |           1.97 |         nan    |         nan    |           nan |
| Total Assets                       |        1056    |        1199    |        1142    |        1241    |        1330    |        1216    |        1157    |        1124    |        1131    |         800.29 |           nan |
| Accounts Payable                   |          12.72 |           9.93 |           9.46 |          13.46 |         nan    |          10.33 |         nan    |          10.09 |         nan    |          13.21 |           nan |
| Accrued Expenses                   |          23.25 |          37.7  |          27.5  |          33.42 |           2.24 |          28.21 |         nan    |          25.72 |         nan    |          20.06 |           nan |
| Current Portion of Leases          |           2.65 |           2.61 |           2.53 |           2.59 |           2.49 |           2.28 |           2.19 |           2.41 |           2.32 |         nan    |           nan |
| Current Income Taxes Payable       |          11.2  |          12.77 |           6.16 |          18.48 |           9.06 |          11.58 |           3.52 |          20.18 |          14.45 |          19.36 |           nan |
| Other Current Liabilities          |          60.42 |         159.86 |         136.7  |         133.35 |         194.57 |         157.55 |          27.54 |           0.31 |          79.63 |           0.33 |           nan |
| Total Current Liabilities          |         110.23 |         222.86 |         182.34 |         201.3  |         208.36 |         209.93 |          33.25 |          58.71 |          96.39 |          52.95 |           nan |
| Long-Term Leases                   |           6.22 |           7.56 |           8.61 |           9.97 |          11.28 |          12.33 |          13.4  |          14.88 |          15.89 |         nan    |           nan |
| Long-Term Deferred Tax Liabilities |         nan    |         nan    |         nan    |         nan    |         nan    |         nan    |           7.24 |           1.25 |           4.54 |           9.15 |           nan |
| Other Long-Term Liabilities        |           1.45 |           6.05 |           4.71 |           3.38 |           5.33 |           4.47 |           3.49 |           3.11 |           2.44 |           4.17 |           nan |
| Total Liabilities                  |         117.91 |         236.47 |         195.66 |         214.64 |         224.97 |         226.73 |          57.37 |          77.95 |         119.26 |          66.27 |           nan |
| Common Stock                       |         629.59 |         632.32 |         632.86 |         671.72 |         679.84 |         607.85 |         603.06 |         525.27 |         523.63 |         243.15 |           nan |
| Retained Earnings                  |         297.94 |         320.52 |         306.75 |         350.52 |         423.61 |         381.69 |          79.99 |         517.27 |         486.08 |         488.37 |           nan |
| Comprensive Income & Other         |          10.25 |           9.66 |           7.14 |           4.53 |           1.11 |          -0.1  |         416.16 |           3.38 |           2.42 |           2.5  |           nan |
| Shareholders' Equity               |         937.77 |         962.5  |         946.75 |        1027    |        1105    |         989.43 |        1099    |        1046    |        1012    |         734.02 |           nan |
| Total Liabilities & Equity         |        1056    |        1199    |        1142    |        1241    |        1330    |        1216    |        1157    |        1124    |        1131    |         800.29 |           nan |
| Total Debt                         |           8.87 |          10.17 |          11.14 |          12.55 |          13.77 |          14.6  |          15.59 |          17.29 |          18.2  |         nan    |           nan |
| Net Cash (Debt)                    |         317.32 |         363.27 |         339.66 |         407.37 |         277.7  |         196.98 |         323.17 |         420.23 |         414.51 |         198.19 |           nan |
| Net Cash Growth                    |          -6.58 |         -10.82 |          22.31 |         106.81 |         -14.07 |         -53.13 |         -22.03 |         112.03 |         159.41 |          17.21 |           nan |
| Net Cash Per Share                 |           1.75 |           2    |           1.85 |           2.19 |           1.5  |           1.07 |           1.77 |           2.31 |           2.29 |           1.12 |           nan |
| Filing Date Shares Outstanding     |         181.03 |         181.43 |         181.51 |         185.09 |         185.71 |         183.79 |         183.69 |         182.28 |         182.28 |         177.09 |           nan |
| Total Common Shares Outstanding    |         181.03 |         181.43 |         181.51 |         185.09 |         185.71 |         183.79 |         183.69 |         182.28 |         182.28 |         177.09 |           nan |
| Working Capital                    |         262.56 |         212.79 |         226.62 |         288.26 |         205.36 |         123.84 |         407.02 |         518.41 |         469.68 |         275.57 |           nan |
| Book Value Per Share               |           5.18 |           5.31 |           5.22 |           5.55 |           5.95 |           5.38 |           5.98 |           5.74 |           5.55 |           4.14 |           nan |
| Tangible Book Value                |         830.47 |         853.72 |         837.34 |         915.47 |         992.77 |         876.37 |         984.73 |         925.38 |         890    |         609.51 |           nan |
| Tangible Book Value Per Share      |           4.59 |           4.71 |           4.61 |           4.95 |           5.35 |           4.77 |           5.36 |           5.08 |           4.88 |           3.44 |           nan |
| Machinery                          |         nan    |         nan    |         nan    |         nan    |         nan    |         nan    |         nan    |         nan    |         nan    |           1.72 |           nan |
| Leasehold Improvements             |         nan    |         nan    |         nan    |         nan    |         nan    |         nan    |         nan    |         nan    |         nan    |           0.39 |           nan |

## balance sheet annually
| Year Ending                        |     TTM |   Jun 30, 2023 |   Jun 30, 2022 |   Jun 30, 2021 |   Jun 30, 2020 |   Jun 30, 2019 |   2018 - 2013 |
|:-----------------------------------|--------:|---------------:|---------------:|---------------:|---------------:|---------------:|--------------:|
| Cash & Equivalents                 |  326.19 |         373.45 |         419.92 |         211.58 |         437.51 |         198.19 |           nan |
| Cash & Short-Term Investments      |  326.19 |         373.45 |         419.92 |         211.58 |         437.51 |         198.19 |           nan |
| Cash Growth                        |   -7.01 |         -11.07 |          98.47 |         -51.64 |         120.76 |          17.21 |           nan |
| Accounts Receivable                |  nan    |          53.45 |          64.3  |         114    |         126.83 |         123.37 |           nan |
| Other Receivables                  |  nan    |           1.19 |           0.35 |           0.13 |           0.38 |           0.44 |           nan |
| Receivables                        |   41.15 |          58.27 |          66.27 |         118.39 |         136.43 |         127.43 |           nan |
| Prepaid Expenses                   |    1.82 |           0.98 |           0.99 |           1.34 |           0.78 |           0.9  |           nan |
| Other Current Assets               |    3.63 |           2.96 |           2.37 |           2.47 |           2.4  |           2.01 |           nan |
| Total Current Assets               |  372.79 |         435.65 |         489.56 |         333.78 |         577.12 |         328.52 |           nan |
| Property, Plant & Equipment        |    6.83 |           7.93 |          10.15 |          12.12 |          14.25 |           0.58 |           nan |
| Long-Term Investments              |  509.36 |         570.23 |         541.73 |         689.65 |         396.42 |         339.08 |           nan |
| Goodwill                           |  nan    |         106.25 |         105.29 |         102.84 |         105.25 |         104.7  |           nan |
| Other Intangible Assets            |  107.31 |           2.53 |           6    |          10.22 |          15.3  |          19.81 |           nan |
| Long-Term Deferred Tax Assets      |   34.28 |          45.84 |          49.85 |          41.11 |         nan    |         nan    |           nan |
| Other Long-Term Assets             |    2.85 |           4.06 |           6.92 |           5.26 |           1.97 |         nan    |           nan |
| Total Assets                       | 1056    |        1199    |        1241    |        1216    |        1124    |         800.29 |           nan |
| Accounts Payable                   |   12.72 |           9.93 |          13.46 |          10.33 |          10.09 |          13.21 |           nan |
| Accrued Expenses                   |   23.25 |          37.7  |          33.42 |          28.21 |          25.72 |          20.06 |           nan |
| Current Portion of Leases          |    2.65 |           2.61 |           2.59 |           2.28 |           2.41 |         nan    |           nan |
| Current Income Taxes Payable       |   11.2  |          12.77 |          18.48 |          11.58 |          20.18 |          19.36 |           nan |
| Other Current Liabilities          |   60.42 |         159.86 |         133.35 |         157.55 |           0.31 |           0.33 |           nan |
| Total Current Liabilities          |  110.23 |         222.86 |         201.3  |         209.93 |          58.71 |          52.95 |           nan |
| Long-Term Leases                   |    6.22 |           7.56 |           9.97 |          12.33 |          14.88 |         nan    |           nan |
| Long-Term Deferred Tax Liabilities |  nan    |         nan    |         nan    |         nan    |           1.25 |           9.15 |           nan |
| Other Long-Term Liabilities        |    1.45 |           6.05 |           3.38 |           4.47 |           3.11 |           4.17 |           nan |
| Total Liabilities                  |  117.91 |         236.47 |         214.64 |         226.73 |          77.95 |          66.27 |           nan |
| Common Stock                       |  629.59 |         632.32 |         671.72 |         607.85 |         525.27 |         243.15 |           nan |
| Retained Earnings                  |  297.94 |         320.52 |         350.52 |         381.69 |         517.27 |         488.37 |           nan |
| Comprensive Income & Other         |   10.25 |           9.66 |           4.53 |          -0.1  |           3.38 |           2.5  |           nan |
| Shareholders' Equity               |  937.77 |         962.5  |        1027    |         989.43 |        1046    |         734.02 |           nan |
| Total Liabilities & Equity         | 1056    |        1199    |        1241    |        1216    |        1124    |         800.29 |           nan |
| Total Debt                         |    8.87 |          10.17 |          12.55 |          14.6  |          17.29 |         nan    |           nan |
| Net Cash (Debt)                    |  317.32 |         363.27 |         407.37 |         196.98 |         420.23 |         198.19 |           nan |
| Net Cash Growth                    |   -6.58 |         -10.82 |         106.81 |         -53.13 |         112.03 |          17.21 |           nan |
| Net Cash Per Share                 |    1.75 |           1.99 |           2.2  |           1.07 |           2.32 |           1.12 |           nan |
| Filing Date Shares Outstanding     |  181.03 |         181.43 |         185.09 |         183.79 |         182.28 |         177.09 |           nan |
| Total Common Shares Outstanding    |  181.03 |         181.43 |         185.09 |         183.79 |         182.28 |         177.09 |           nan |
| Working Capital                    |  262.56 |         212.79 |         288.26 |         123.84 |         518.41 |         275.57 |           nan |
| Book Value Per Share               |    5.18 |           5.31 |           5.55 |           5.38 |           5.74 |           4.14 |           nan |
| Tangible Book Value                |  830.47 |         853.72 |         915.47 |         876.37 |         925.38 |         609.51 |           nan |
| Tangible Book Value Per Share      |    4.59 |           4.71 |           4.95 |           4.77 |           5.08 |           3.44 |           nan |
| Machinery                          |  nan    |         nan    |         nan    |         nan    |         nan    |           1.72 |           nan |
| Leasehold Improvements             |  nan    |         nan    |         nan    |         nan    |         nan    |           0.39 |           nan |

## income quarterly
| Period Ending                         |   Dec 31, 2023 |   Jun 30, 2023 |   Dec 31, 2022 |   Jun 30, 2022 |   Dec 31, 2021 |   Jun 30, 2021 |   Dec 31, 2020 |   Jun 30, 2020 |   Dec 31, 2019 |   Jun 30, 2019 |   +2 Quarters |
|:--------------------------------------|---------------:|---------------:|---------------:|---------------:|---------------:|---------------:|---------------:|---------------:|---------------:|---------------:|--------------:|
| Operating Revenue                     |        131.06  |        161.13  |        181.87  |         241.09 |        364.56  |        342.48  |        324.63  |        343.6   |        331.47  |         286.72 |           nan |
| Other Revenue                         |         38.59  |         70.71  |         17.05  |         -89.94 |         34.37  |         47.43  |          5.32  |        -10.89  |         30.57  |          54    |           nan |
| Revenue                               |        169.64  |        231.84  |        198.92  |         151.15 |        398.93  |        389.91  |        329.95  |        332.72  |        362.05  |         340.72 |           nan |
| Revenue Growth (YoY)                  |        -14.72  |         53.38  |        -50.14  |         -61.23 |         20.91  |         17.19  |         -8.87  |         -2.35  |         31.72  |          33.44 |           nan |
| Cost of Revenue                       |         36.01  |         43.54  |         48.58  |          46.44 |         42.22  |         36.24  |         34.28  |         37.66  |         36.25  |          31.93 |           nan |
| Gross Profit                          |        133.63  |        188.3   |        150.34  |         104.71 |        356.71  |        353.68  |        295.67  |        295.06  |        325.8   |         308.79 |           nan |
| Selling, General & Admin              |         16.29  |         16.32  |         15.55  |          18.5  |         18.47  |         16.97  |         15.53  |         21.63  |         16.94  |          20.44 |           nan |
| Depreciation & Amortization           |          1.92  |          2.45  |          3.59  |           3.59 |          3.56  |          3.49  |          3.59  |          3.72  |          3.38  |           2.54 |           nan |
| Other Operating Expenses              |          1.76  |          3.18  |          2.08  |           2.02 |          2.17  |          2.03  |          1.01  |          2.5   |          1.21  |           1.91 |           nan |
| Operating Expenses                    |         19.98  |         21.95  |         21.22  |          24.1  |         24.19  |         22.49  |         20.12  |         27.85  |         21.53  |          24.88 |           nan |
| Operating Income                      |        113.65  |        166.35  |        129.11  |          80.61 |        332.52  |        331.19  |        275.55  |        267.21  |        304.27  |         283.91 |           nan |
| Interest Expense                      |         -0.73  |        nan     |         -0.77  |         nan    |         -1.13  |         -0.1   |         -0.54  |         -0.14  |         -0.59  |         nan    |           nan |
| Interest & Investment Income          |        nan     |          0.32  |        nan     |           0.59 |        nan     |        nan     |        nan     |        nan     |        nan     |           0.21 |           nan |
| Earnings From Equity Investments      |          2.78  |         -3.95  |         -8.5   |           5.32 |          3.06  |        -35.64  |         -6.08  |        nan     |        nan     |         nan    |           nan |
| Currency Exchange Gain (Loss)         |         -0.33  |          0.42  |          0.47  |           1.36 |          2.09  |         -0.06  |         -4.79  |         -2.95  |          2.14  |           1.06 |           nan |
| Other Non Operating Income (Expenses) |         31.45  |        -27.63  |         -3.4   |          20.91 |        nan     |       -216.32  |        nan     |        -54.86  |        nan     |          -0.43 |           nan |
| EBT Excluding Unusual Items           |        146.83  |        135.51  |        116.91  |         108.79 |        336.54  |         79.08  |        264.15  |        209.26  |        305.82  |         284.76 |           nan |
| Merger & Restructuring Charges        |        nan     |        nan     |        nan     |         nan    |        nan     |         -5.98  |        nan     |        nan     |        nan     |         nan    |           nan |
| Gain (Loss) on Sale of Investments    |          0.08  |         -0.26  |        nan     |          50.66 |        nan     |        nan     |        nan     |        nan     |        nan     |         nan    |           nan |
| Other Unusual Items                   |        nan     |          3.4   |        nan     |           8.66 |         -8.66  |          4.07  |         -4.07  |         53.91  |        -53.91  |         -15.51 |           nan |
| Pretax Income                         |        146.9   |        138.66  |        116.91  |         168.1  |        327.89  |         77.17  |        260.08  |        263.17  |        251.91  |         269.25 |           nan |
| Income Tax Expense                    |         42.85  |         39.76  |         33.16  |          36.72 |         76.25  |         14.34  |         57.75  |         62.63  |         56.23  |          65.83 |           nan |
| Net Income                            |        104.06  |         98.9   |         83.76  |         131.38 |        251.63  |         62.83  |        202.33  |        200.54  |        195.68  |         203.42 |           nan |
| Net Income to Common                  |        104.06  |         98.9   |         83.76  |         131.38 |        251.63  |         62.83  |        202.33  |        200.54  |        195.68  |         203.42 |           nan |
| Net Income Growth                     |         24.24  |        -24.72  |        -66.71  |         109.11 |         24.37  |        -68.67  |          3.4   |         -1.42  |         12.77  |          28.47 |           nan |
| Shares Outstanding (Basic)            |        181     |        181     |        184     |         186    |        185     |        184     |        183     |        182     |        181     |         177    |           nan |
| Shares Outstanding (Diluted)          |        181     |        181     |        184     |         186    |        185     |        184     |        183     |        182     |        181     |         177    |           nan |
| Shares Change (YoY)                   |         -1.26  |         -2.24  |         -0.51  |           1.04 |          0.86  |          0.81  |          1.24  |          2.93  |          2.33  |           1.25 |           nan |
| EPS (Basic)                           |          0.57  |          0.54  |          0.46  |           0.71 |          1.36  |          0.34  |          1.11  |          1.1   |          1.08  |           1.15 |           nan |
| EPS (Diluted)                         |          0.57  |          0.54  |          0.46  |           0.71 |          1.36  |          0.34  |          1.11  |          1.1   |          1.08  |           1.15 |           nan |
| EPS Growth                            |         25.85  |        -23.05  |        -66.54  |         107.2  |         23.29  |        -68.96  |          2.17  |         -4.23  |         10.18  |          26.89 |           nan |
| Free Cash Flow                        |         -4.84  |         96.46  |         90.01  |         195.99 |        238.37  |        164.27  |        236.79  |        186.9   |        210.87  |         167.99 |           nan |
| Free Cash Flow Per Share              |         -0.03  |          0.53  |          0.49  |           1.06 |          1.29  |          0.89  |          1.29  |          1.03  |          1.17  |           0.95 |           nan |
| Dividend Per Share                    |          0.294 |          0.356 |          0.469 |           0.65 |          1.101 |          1.026 |          0.971 |          0.916 |          0.929 |           0.78 |           nan |
| Dividend Growth                       |        -37.31  |        -45.23  |        -57.4   |         -36.65 |         13.39  |         12.01  |          4.52  |         17.44  |         25.88  |           3.86 |           nan |
| Operating Margin                      |         67     |         71.75  |         64.91  |          53.33 |         83.35  |         84.94  |         83.52  |         80.31  |         84.04  |          83.33 |           nan |
| Free Cash Flow Margin                 |         -2.85  |         41.61  |         45.25  |         129.67 |         59.75  |         42.13  |         71.77  |         56.17  |         58.24  |          49.3  |           nan |
| EBITDA                                |        115.58  |        166.62  |        132.71  |          81.93 |        336.08  |        332.39  |        279.14  |        268.77  |        307.65  |         286.45 |           nan |
| D&A For EBITDA                        |          1.92  |          0.27  |          3.59  |           1.32 |          3.56  |          1.2   |          3.59  |          1.56  |          3.38  |           2.54 |           nan |
| EBIT                                  |        113.65  |        166.35  |        129.11  |          80.61 |        332.52  |        331.19  |        275.55  |        267.21  |        304.27  |         283.91 |           nan |
| Revenue as Reported                   |        169.31  |        232.26  |        199.39  |         152.51 |        401.02  |        389.86  |        325.16  |        329.77  |        364.19  |         341.78 |           nan |

## ratio quarterly
| Period Ending            |   Current |   Dec 31, 2023 |   Jun 30, 2023 |   Dec 31, 2022 |   Jun 30, 2022 |   Dec 31, 2021 |   Jun 30, 2021 |   Dec 31, 2020 |   Jun 30, 2020 |   Dec 31, 2019 |   Jun 30, 2019 |   +2 Quarters |
|:-------------------------|----------:|---------------:|---------------:|---------------:|---------------:|---------------:|---------------:|---------------:|---------------:|---------------:|---------------:|--------------:|
| Market Capitalization    |   1847    |        1680    |        1722    |        1623    |        2392    |        3942    |        9899    |        9857    |       10574    |       10381    |        9031    |           nan |
| Market Cap Growth        |      3.53 |           3.53 |         -28.03 |         -58.83 |         -75.83 |         -60.01 |          -6.38 |          -5.05 |          17.08 |         149.02 |         119.97 |           nan |
| Enterprise Value         |   1530    |        1317    |        1382    |        1215    |        2115    |        3745    |        9576    |        9436    |       10160    |       10183    |        8872    |           nan |
| Last Close Price         |     10.22 |           8.98 |           8.58 |           7.69 |          10.58 |          16.49 |          40.75 |          39.82 |          42.24 |          40.94 |          35.86 |           nan |
| PE Ratio                 |      9.14 |           8.03 |           8.57 |           6.61 |           5.11 |           9.67 |          28.16 |          18.05 |          19.36 |          18.35 |          16.83 |           nan |
| PS Ratio                 |      4.62 |           4.18 |           4    |           4.64 |           4.35 |           5    |          13.75 |          14.87 |          15.22 |          14.77 |          14.67 |           nan |
| PB Ratio                 |      1.97 |           1.79 |           1.79 |           1.71 |           2.33 |           3.57 |          10    |           8.97 |          10.11 |          10.26 |          12.3  |           nan |
| P/FCF Ratio              |     18.34 |          18.34 |           9.23 |           5.67 |           5.51 |           9.79 |          24.68 |          23.26 |          26.58 |          27.4  |          28.72 |           nan |
| P/OCF Ratio              |     18.31 |          18.31 |           9.23 |           5.67 |           5.5  |           9.78 |          24.67 |          23.25 |          26.57 |          27.37 |          28.69 |           nan |
| EV/Sales Ratio           |      3.81 |           3.28 |           3.21 |           3.47 |           3.84 |           4.75 |          13.3  |          14.24 |          14.62 |          14.49 |          14.41 |           nan |
| EV/EBITDA Ratio          |      5.4  |           4.67 |           4.62 |           5.66 |           5.06 |           5.6  |          15.66 |          17.22 |          17.63 |          17.14 |          17.31 |           nan |
| EV/EBIT Ratio            |      5.49 |           4.7  |           4.68 |           5.79 |           5.12 |           5.64 |          15.78 |          17.39 |          17.78 |          17.31 |          17.48 |           nan |
| EV/FCF Ratio             |     16.7  |          14.37 |           7.41 |           4.25 |           4.87 |           9.3  |          23.88 |          22.27 |          25.54 |          26.88 |          28.22 |           nan |
| Debt / Equity Ratio      |      0.01 |           0.01 |           0.01 |           0.01 |           0.01 |           0.01 |           0.01 |           0.01 |           0.02 |           0.02 |         nan    |           nan |
| Debt / EBITDA Ratio      |      0.03 |         nan    |         nan    |         nan    |         nan    |         nan    |         nan    |         nan    |         nan    |         nan    |         nan    |           nan |
| Debt / FCF Ratio         |      0.1  |           0.1  |           0.05 |           0.04 |           0.03 |           0.03 |           0.04 |           0.04 |           0.04 |           0.05 |         nan    |           nan |
| Quick Ratio              |      2.96 |         nan    |         nan    |         nan    |         nan    |         nan    |         nan    |         nan    |         nan    |         nan    |         nan    |           nan |
| Current Ratio            |      3.38 |         nan    |         nan    |         nan    |         nan    |         nan    |         nan    |         nan    |         nan    |         nan    |         nan    |           nan |
| Earnings Yield           |     10.94 |          12.08 |          10.61 |          13.26 |          16.01 |           7.98 |           2.68 |           4.09 |           3.75 |           3.84 |           4.17 |           nan |
| FCF Yield                |      4.96 |           5.45 |          10.83 |          17.63 |          18.16 |          10.22 |           4.05 |           4.3  |           3.76 |           3.65 |           3.48 |           nan |
| Dividend Yield           |      6.35 |           7.24 |           9.62 |          14.55 |          16.54 |          12.9  |           4.9  |           4.74 |           4.37 |           4.17 |           4.23 |           nan |
| Payout Ratio             |     73.04 |         nan    |         nan    |         nan    |         nan    |         nan    |         nan    |         nan    |         nan    |         nan    |         nan    |           nan |
| Buyback Yield / Dilution |      1.76 |           1.26 |           2.24 |           0.51 |          -1.04 |          -0.86 |          -0.81 |          -1.24 |          -2.93 |          -2.33 |          -1.25 |           nan |
| Total Shareholder Return |      8.11 |           8.5  |          11.86 |          15.06 |          15.5  |          12.04 |           4.09 |           3.5  |           1.44 |           1.84 |           2.99 |           nan |

## ratio annually
| Year Ending              |   Current |   Jun 30, 2023 |   Jun 30, 2022 |   Jun 30, 2021 |   Jun 30, 2020 |   Jun 30, 2019 |   2018 - 2013 |
|:-------------------------|----------:|---------------:|---------------:|---------------:|---------------:|---------------:|--------------:|
| Market Capitalization    |   1847    |        1722    |        2392    |        9899    |       10574    |        9031    |           nan |
| Market Cap Growth        |      3.53 |         -28.03 |         -75.83 |          -6.38 |          17.08 |         119.97 |           nan |
| Enterprise Value         |   1530    |        1382    |        2115    |        9576    |       10160    |        8872    |           nan |
| Last Close Price         |     10.22 |           8.58 |          10.58 |          40.75 |          42.24 |          35.86 |           nan |
| PE Ratio                 |      9.14 |           8.58 |           5.12 |          28.18 |          19.35 |          16.83 |           nan |
| PS Ratio                 |      4.62 |           4    |           4.35 |          13.75 |          15.22 |          14.67 |           nan |
| PB Ratio                 |      1.97 |           1.79 |           2.33 |          10    |          10.11 |          12.3  |           nan |
| P/FCF Ratio              |     18.34 |           9.23 |           5.51 |          24.68 |          26.58 |          28.72 |           nan |
| P/OCF Ratio              |     18.31 |           9.23 |           5.5  |          24.67 |          26.57 |          28.69 |           nan |
| EV/Sales Ratio           |      3.81 |           3.21 |           3.84 |          13.3  |          14.62 |          14.41 |           nan |
| EV/EBITDA Ratio          |      5.4  |           4.62 |           5.06 |          15.66 |          17.63 |          17.31 |           nan |
| EV/EBIT Ratio            |      5.49 |           4.68 |           5.12 |          15.78 |          17.78 |          17.48 |           nan |
| EV/FCF Ratio             |     16.7  |           7.41 |           4.87 |          23.88 |          25.54 |          28.22 |           nan |
| Debt / Equity Ratio      |      0.01 |           0.01 |           0.01 |           0.01 |           0.02 |         nan    |           nan |
| Debt / EBITDA Ratio      |      0.03 |           0.03 |           0.03 |           0.02 |           0.03 |         nan    |           nan |
| Debt / FCF Ratio         |      0.1  |           0.05 |           0.03 |           0.04 |           0.04 |         nan    |           nan |
| Asset Turnover           |      0.37 |           0.35 |           0.45 |           0.62 |           0.72 |           0.83 |           nan |
| Quick Ratio              |      2.96 |           1.92 |           2.41 |           1.55 |           9.62 |           6.08 |           nan |
| Current Ratio            |      3.38 |           1.95 |           2.43 |           1.59 |           9.83 |           6.2  |           nan |
| Return on Equity (ROE)   |     21.54 |          18.36 |          37.99 |          26.05 |          44.52 |          55.66 |           nan |
| Return on Assets (ROA)   |     15.92 |          15.13 |          21.01 |          32.41 |          37.13 |          43    |           nan |
| Return on Capital (ROIC) |     18.38 |          18.36 |          25.27 |          36.69 |          39.75 |          46.83 |           nan |
| Earnings Yield           |     10.94 |          10.61 |          16.01 |           2.68 |           3.75 |           4.17 |           nan |
| FCF Yield                |      4.96 |          10.83 |          18.16 |           4.05 |           3.76 |           3.48 |           nan |
| Dividend Yield           |      6.35 |           9.62 |          16.54 |           4.9  |           4.37 |           4.23 |           nan |
| Payout Ratio             |     73.04 |         111.63 |          94.17 |         129.4  |          77.1  |          69.33 |           nan |
| Buyback Yield / Dilution |      1.76 |           1.38 |          -0.95 |          -1.02 |          -2.63 |          -1.91 |           nan |
| Total Shareholder Return |      8.11 |          11    |          15.59 |           3.88 |           1.74 |           2.32 |           nan |

## cash flow quarterly
| Period Ending                        |   Dec 31, 2023 |   Jun 30, 2023 |   Dec 31, 2022 |   Jun 30, 2022 |   Dec 31, 2021 |   Jun 30, 2021 |   Dec 31, 2020 |   Jun 30, 2020 |   Dec 31, 2019 |   Jun 30, 2019 |   +2 Quarters |
|:-------------------------------------|---------------:|---------------:|---------------:|---------------:|---------------:|---------------:|---------------:|---------------:|---------------:|---------------:|--------------:|
| Net Income                           |         104.06 |          98.9  |          83.76 |         131.38 |         251.63 |          62.83 |         202.33 |         200.54 |         195.68 |         203.42 |           nan |
| Depreciation & Amortization          |           1.92 |           2.45 |           3.59 |           3.59 |           3.56 |           3.49 |           3.59 |           3.72 |           3.38 |           2.54 |           nan |
| Loss (Gain) From Sale of Investments |         nan    |         -39.04 |         nan    |          22.93 |         nan    |         -35.86 |         nan    |          -1.39 |         nan    |         -43.95 |           nan |
| Loss (Gain) on Equity Investments    |         nan    |          12.45 |         nan    |          -8.38 |         nan    |          41.72 |         nan    |         nan    |         nan    |         nan    |           nan |
| Stock-Based Compensation             |         nan    |           3.85 |         nan    |           1.28 |         nan    |         nan    |         nan    |         nan    |         nan    |         nan    |           nan |
| Other Operating Activities           |        -110.7  |         -21.42 |           2.75 |          14.43 |         -16.67 |         -30.39 |          31.03 |         -14.87 |          11.98 |          11.3  |           nan |
| Change in Accounts Receivable        |         nan    |          10.18 |         nan    |          49.52 |         nan    |          13.14 |         nan    |          -3.81 |         nan    |         -14.64 |           nan |
| Change in Accounts Payable           |         nan    |          30.45 |         nan    |         -17.47 |         nan    |         160.97 |         nan    |           8.03 |         nan    |           9.28 |           nan |
| Change in Income Taxes               |         nan    |          -5.71 |         nan    |           6.91 |         nan    |          -8.6  |         nan    |           0.82 |         nan    |         -10.35 |           nan |
| Change in Other Net Operating Assets |         nan    |           0.01 |         nan    |           0.36 |         nan    |          -0.58 |         nan    |           0.27 |         nan    |           0.18 |           nan |
| Operating Cash Flow                  |          -4.72 |          96.48 |          90.1  |         196.11 |         238.52 |         164.39 |         236.94 |         187    |         211.04 |         168.26 |           nan |
| Operating Cash Flow Growth           |         nan    |         -50.8  |         -62.23 |          19.29 |           0.67 |         -12.09 |          12.27 |          11.13 |          44.03 |          14.74 |           nan |
| Capital Expenditures                 |          -0.13 |          -0.02 |          -0.09 |          -0.12 |          -0.15 |          -0.12 |          -0.15 |          -0.1  |          -0.17 |          -0.28 |           nan |
| Sale of Property, Plant & Equipment  |         nan    |         nan    |         nan    |         nan    |         nan    |         nan    |         nan    |         nan    |         nan    |           0    |           nan |
| Investment in Securities             |          82.84 |           9.7  |           6.9  |         141.21 |          -6.2  |        -113.49 |        -115.69 |          -5.38 |         -50.24 |          -0.91 |           nan |
| Other Investing Activities           |         nan    |         nan    |          -0.02 |         nan    |         nan    |         nan    |           0.37 |         nan    |          -0.01 |          -0.07 |           nan |
| Investing Cash Flow                  |          82.71 |           9.68 |           6.8  |         141.09 |          -6.34 |        -113.61 |        -107.97 |         -10.48 |         -52.91 |          -1.25 |           nan |
| Long-Term Debt Repaid                |          -1.29 |         nan    |          -1.23 |         nan    |          -1.16 |         nan    |          -1.85 |         nan    |          -1.02 |         nan    |           nan |
| Total Debt Repaid                    |          -1.29 |          -1.27 |          -1.23 |          -1.23 |          -1.16 |          -0.79 |          -1.85 |          -0.92 |          -1.02 |         nan    |           nan |
| Net Debt Issued (Repaid)             |          -1.29 |          -1.27 |          -1.23 |          -1.23 |          -1.16 |          -0.79 |          -1.85 |          -0.92 |          -1.02 |         nan    |           nan |
| Issuance of Common Stock             |           5.05 |           2.35 |           1.13 |           0.62 |          25.54 |           0.07 |           0.68 |           0.3  |         271.69 |           0.29 |           nan |
| Repurchase of Common Stock           |          -2.78 |          -0.6  |         -39.84 |          -6.89 |         nan    |         nan    |         nan    |         nan    |         nan    |         nan    |           nan |
| Common Dividends Paid                |         -63.73 |         -84.51 |        -119.39 |        -202.89 |        -157.8  |        -177.3  |        -165.81 |        -168.38 |        -137.11 |        -129.99 |           nan |
| Other Financing Activities           |         nan    |         nan    |          -0.03 |         nan    |         nan    |          -0.02 |          -0.1  |         nan    |         nan    |         nan    |           nan |
| Financing Cash Flow                  |        -124.8  |         -84.03 |        -166.58 |        -210.39 |        -154.55 |        -178.04 |        -222.49 |        -169.01 |          74.41 |        -129.7  |           nan |
| Foreign Exchange Rate Adjustments    |          -0.45 |           0.52 |           0.56 |           1.64 |           2.27 |           0.07 |          -5.24 |          -2.7  |           1.99 |           1.08 |           nan |
| Net Cash Flow                        |         -47.25 |          22.65 |         -69.13 |         128.45 |          79.89 |        -127.19 |         -98.75 |           4.81 |         234.52 |          38.4  |           nan |
| Free Cash Flow                       |          -4.84 |          96.46 |          90.01 |         195.99 |         238.37 |         164.27 |         236.79 |         186.9  |         210.87 |         167.99 |           nan |
| Free Cash Flow Growth                |         nan    |         -50.78 |         -62.24 |          19.31 |           0.67 |         -12.11 |          12.29 |          11.26 |          44.01 |          14.61 |           nan |
| Free Cash Flow Margin                |          -2.85 |          41.61 |          45.25 |         129.67 |          59.75 |          42.13 |          71.77 |          56.17 |          58.24 |          49.3  |           nan |
| Free Cash Flow Per Share             |          -0.03 |           0.53 |           0.49 |           1.06 |           1.29 |           0.89 |           1.29 |           1.03 |           1.17 |           0.95 |           nan |
| Cash Interest Paid                   |           0.73 |           0.73 |           0.84 |           1.1  |           1.13 |           2.14 |           0.54 |           0.57 |           0.59 |           0.21 |           nan |
| Cash Income Tax Paid                 |          32.77 |          27.12 |          46.82 |          48.13 |          65.79 |          54.51 |          68.34 |          60.17 |          63.99 |          46.8  |           nan |
| Levered Free Cash Flow               |         -23.21 |         144.8  |          78.33 |         100.95 |         208.69 |         366.21 |         188.18 |         127.12 |         231.11 |         181.44 |           nan |
| Unlevered Free Cash Flow             |         -22.75 |         144.6  |          78.81 |         100.59 |         209.39 |         366.27 |         188.51 |         127.2  |         231.48 |         181.31 |           nan |

## cash flow annually
| Year Ending                          |     TTM |   Jun 30, 2023 |   Jun 30, 2022 |   Jun 30, 2021 |   Jun 30, 2020 |   Jun 30, 2019 |   2018 - 2013 |
|:-------------------------------------|--------:|---------------:|---------------:|---------------:|---------------:|---------------:|--------------:|
| Net Income                           |  202.96 |         182.66 |         383.01 |         265.16 |         396.21 |         376.95 |           nan |
| Depreciation & Amortization          |    4.37 |           6.04 |           7.14 |           7.07 |           7.1  |           4.93 |           nan |
| Loss (Gain) From Sale of Investments |  -39.04 |         -39.04 |          22.93 |         -35.86 |          -1.39 |         -43.95 |           nan |
| Loss (Gain) on Equity Investments    |   12.45 |          12.45 |          -8.38 |          41.72 |         nan    |         nan    |           nan |
| Stock-Based Compensation             |    3.85 |           3.85 |           1.28 |         nan    |         nan    |         nan    |           nan |
| Other Operating Activities           | -132.12 |         -18.67 |          -2.24 |           0.64 |          -2.9  |         -18.09 |           nan |
| Change in Accounts Receivable        |   10.18 |          10.18 |          49.52 |          13.14 |          -3.81 |         -14.64 |           nan |
| Change in Accounts Payable           |   30.45 |          30.45 |         -17.47 |         160.97 |           8.03 |           9.28 |           nan |
| Change in Income Taxes               |   -5.71 |          -5.71 |           6.91 |          -8.6  |           0.82 |         -10.35 |           nan |
| Change in Other Net Operating Assets |    0.01 |           0.01 |           0.36 |          -0.58 |           0.27 |           0.18 |           nan |
| Operating Cash Flow                  |   91.76 |         186.58 |         434.63 |         401.33 |         398.03 |         314.79 |           nan |
| Operating Cash Flow Growth           |  -67.94 |         -57.07 |           8.3  |           0.83 |          26.44 |          84.81 |           nan |
| Capital Expenditures                 |   -0.15 |          -0.11 |          -0.26 |          -0.27 |          -0.26 |          -0.37 |           nan |
| Sale of Property, Plant & Equipment  |  nan    |         nan    |         nan    |         nan    |         nan    |           0    |           nan |
| Cash Acquisitions                    |  nan    |         nan    |         nan    |         nan    |         nan    |          -1.63 |           nan |
| Investment in Securities             |   92.54 |          16.6  |         135.01 |        -229.18 |         -55.63 |          -0.48 |           nan |
| Other Investing Activities           |  nan    |          -0.02 |         nan    |           0.37 |          -0.01 |          -0.04 |           nan |
| Investing Cash Flow                  |   92.39 |          16.47 |         134.75 |        -221.58 |         -63.39 |          -2.52 |           nan |
| Long-Term Debt Repaid                |  nan    |          -2.5  |          -2.39 |          -2.63 |          -1.94 |         nan    |           nan |
| Total Debt Repaid                    |   -2.56 |         nan    |         nan    |         nan    |         nan    |         nan    |           nan |
| Net Debt Issued (Repaid)             |   -2.56 |          -2.5  |          -2.39 |          -2.63 |          -1.94 |         nan    |           nan |
| Issuance of Common Stock             |    7.4  |           3.48 |          26.16 |           0.75 |         271.98 |           2.37 |           nan |
| Repurchase of Common Stock           |   -3.38 |         -40.44 |          -6.89 |         nan    |         nan    |         nan    |           nan |
| Common Dividends Paid                | -148.24 |        -203.9  |        -360.68 |        -343.11 |        -305.49 |        -261.34 |           nan |
| Other Financing Activities           |  nan    |          -0.03 |         nan    |          -0.12 |         nan    |         nan    |           nan |
| Financing Cash Flow                  | -208.84 |        -250.61 |        -364.94 |        -400.52 |         -94.6  |        -285.23 |           nan |
| Foreign Exchange Rate Adjustments    |    0.08 |           1.08 |           3.91 |          -5.17 |          -0.72 |           2.05 |           nan |
| Net Cash Flow                        |  -24.6  |         -46.48 |         208.35 |        -225.94 |         239.33 |          29.09 |           nan |
| Free Cash Flow                       |   91.62 |         186.47 |         434.37 |         401.06 |         397.77 |         314.42 |           nan |
| Free Cash Flow Growth                |  -67.97 |         -57.07 |           8.3  |           0.83 |          26.51 |          84.74 |           nan |
| Free Cash Flow Margin                |   22.82 |          43.29 |          78.96 |          55.71 |          57.25 |          51.08 |           nan |
| Free Cash Flow Per Share             |    0.51 |           1.02 |           2.35 |           2.19 |           2.19 |           1.78 |           nan |
| Cash Interest Paid                   |    1.46 |           1.57 |           2.23 |           2.69 |           1.16 |           0.43 |           nan |
| Cash Income Tax Paid                 |   59.89 |          73.94 |         113.92 |         122.85 |         124.15 |         115.79 |           nan |
| Levered Free Cash Flow               |  121.59 |         223.13 |         309.64 |         554.38 |         358.23 |         308.2  |           nan |
| Unlevered Free Cash Flow             |  121.84 |         223.41 |         309.98 |         554.78 |         358.68 |         308.2  |           nan |
| Change in Net Working Capital        |   60.66 |         -28.97 |         -43.61 |        -168.77 |           5.93 |          13.97 |           nan |

## balance sheet quarterly
| Period Ending                      |   Dec 31, 2023 |   Jun 30, 2023 |   Dec 31, 2022 |   Jun 30, 2022 |   Dec 31, 2021 |   Jun 30, 2021 |   Dec 31, 2020 |   Jun 30, 2020 |   Dec 31, 2019 |   Jun 30, 2019 |   +2 Quarters |
|:-----------------------------------|---------------:|---------------:|---------------:|---------------:|---------------:|---------------:|---------------:|---------------:|---------------:|---------------:|--------------:|
| Cash & Equivalents                 |         326.19 |         373.45 |         350.8  |         419.92 |         291.47 |         211.58 |         338.76 |         437.51 |         432.71 |         198.19 |           nan |
| Cash & Short-Term Investments      |         326.19 |         373.45 |         350.8  |         419.92 |         291.47 |         211.58 |         338.76 |         437.51 |         432.71 |         198.19 |           nan |
| Cash Growth                        |          -7.01 |         -11.07 |          20.36 |          98.47 |         -13.96 |         -51.64 |         -21.71 |         120.76 |         170.8  |          17.21 |           nan |
| Accounts Receivable                |         nan    |          53.45 |         nan    |          64.3  |         nan    |         114    |         nan    |         126.83 |         126.38 |         123.37 |           nan |
| Other Receivables                  |         nan    |           1.19 |         nan    |           0.35 |         nan    |           0.13 |         nan    |           0.38 |         nan    |           0.44 |           nan |
| Receivables                        |          41.15 |          58.27 |          53.71 |          66.27 |         117.49 |         118.39 |          97.25 |         136.43 |         130.37 |         127.43 |           nan |
| Prepaid Expenses                   |           1.82 |           0.98 |           2.17 |           0.99 |           1.65 |           1.34 |           1.89 |           0.78 |           0.98 |           0.9  |           nan |
| Other Current Assets               |           3.63 |           2.96 |           2.29 |           2.37 |           3.12 |           2.47 |           2.37 |           2.4  |           2.02 |           2.01 |           nan |
| Total Current Assets               |         372.79 |         435.65 |         408.97 |         489.56 |         413.72 |         333.78 |         440.27 |         577.12 |         566.07 |         328.52 |           nan |
| Property, Plant & Equipment        |           6.83 |           7.93 |           8.82 |          10.15 |          11.32 |          12.12 |          13.1  |          14.25 |          15.51 |           0.58 |           nan |
| Long-Term Investments              |         509.36 |         570.23 |         529.94 |         541.73 |         723.61 |         689.65 |         566.53 |         396.42 |         414.22 |         339.08 |           nan |
| Goodwill                           |         nan    |         106.25 |         nan    |         105.29 |         nan    |         102.84 |         nan    |         105.25 |         nan    |         104.7  |           nan |
| Other Intangible Assets            |         107.31 |           2.53 |         109.41 |           6    |         111.79 |          10.22 |         114.47 |          15.3  |         122.13 |          19.81 |           nan |
| Long-Term Deferred Tax Assets      |          34.28 |          45.84 |          51.28 |          49.85 |          28.44 |          41.11 |         nan    |         nan    |         nan    |         nan    |           nan |
| Other Long-Term Assets             |           2.85 |           4.06 |           5.88 |           6.92 |           7.77 |           5.26 |           4.57 |           1.97 |         nan    |         nan    |           nan |
| Total Assets                       |        1056    |        1199    |        1142    |        1241    |        1330    |        1216    |        1157    |        1124    |        1131    |         800.29 |           nan |
| Accounts Payable                   |          12.72 |           9.93 |           9.46 |          13.46 |         nan    |          10.33 |         nan    |          10.09 |         nan    |          13.21 |           nan |
| Accrued Expenses                   |          23.25 |          37.7  |          27.5  |          33.42 |           2.24 |          28.21 |         nan    |          25.72 |         nan    |          20.06 |           nan |
| Current Portion of Leases          |           2.65 |           2.61 |           2.53 |           2.59 |           2.49 |           2.28 |           2.19 |           2.41 |           2.32 |         nan    |           nan |
| Current Income Taxes Payable       |          11.2  |          12.77 |           6.16 |          18.48 |           9.06 |          11.58 |           3.52 |          20.18 |          14.45 |          19.36 |           nan |
| Other Current Liabilities          |          60.42 |         159.86 |         136.7  |         133.35 |         194.57 |         157.55 |          27.54 |           0.31 |          79.63 |           0.33 |           nan |
| Total Current Liabilities          |         110.23 |         222.86 |         182.34 |         201.3  |         208.36 |         209.93 |          33.25 |          58.71 |          96.39 |          52.95 |           nan |
| Long-Term Leases                   |           6.22 |           7.56 |           8.61 |           9.97 |          11.28 |          12.33 |          13.4  |          14.88 |          15.89 |         nan    |           nan |
| Long-Term Deferred Tax Liabilities |         nan    |         nan    |         nan    |         nan    |         nan    |         nan    |           7.24 |           1.25 |           4.54 |           9.15 |           nan |
| Other Long-Term Liabilities        |           1.45 |           6.05 |           4.71 |           3.38 |           5.33 |           4.47 |           3.49 |           3.11 |           2.44 |           4.17 |           nan |
| Total Liabilities                  |         117.91 |         236.47 |         195.66 |         214.64 |         224.97 |         226.73 |          57.37 |          77.95 |         119.26 |          66.27 |           nan |
| Common Stock                       |         629.59 |         632.32 |         632.86 |         671.72 |         679.84 |         607.85 |         603.06 |         525.27 |         523.63 |         243.15 |           nan |
| Retained Earnings                  |         297.94 |         320.52 |         306.75 |         350.52 |         423.61 |         381.69 |          79.99 |         517.27 |         486.08 |         488.37 |           nan |
| Comprensive Income & Other         |          10.25 |           9.66 |           7.14 |           4.53 |           1.11 |          -0.1  |         416.16 |           3.38 |           2.42 |           2.5  |           nan |
| Shareholders' Equity               |         937.77 |         962.5  |         946.75 |        1027    |        1105    |         989.43 |        1099    |        1046    |        1012    |         734.02 |           nan |
| Total Liabilities & Equity         |        1056    |        1199    |        1142    |        1241    |        1330    |        1216    |        1157    |        1124    |        1131    |         800.29 |           nan |
| Total Debt                         |           8.87 |          10.17 |          11.14 |          12.55 |          13.77 |          14.6  |          15.59 |          17.29 |          18.2  |         nan    |           nan |
| Net Cash (Debt)                    |         317.32 |         363.27 |         339.66 |         407.37 |         277.7  |         196.98 |         323.17 |         420.23 |         414.51 |         198.19 |           nan |
| Net Cash Growth                    |          -6.58 |         -10.82 |          22.31 |         106.81 |         -14.07 |         -53.13 |         -22.03 |         112.03 |         159.41 |          17.21 |           nan |
| Net Cash Per Share                 |           1.75 |           2    |           1.85 |           2.19 |           1.5  |           1.07 |           1.77 |           2.31 |           2.29 |           1.12 |           nan |
| Filing Date Shares Outstanding     |         181.03 |         181.43 |         181.51 |         185.09 |         185.71 |         183.79 |         183.69 |         182.28 |         182.28 |         177.09 |           nan |
| Total Common Shares Outstanding    |         181.03 |         181.43 |         181.51 |         185.09 |         185.71 |         183.79 |         183.69 |         182.28 |         182.28 |         177.09 |           nan |
| Working Capital                    |         262.56 |         212.79 |         226.62 |         288.26 |         205.36 |         123.84 |         407.02 |         518.41 |         469.68 |         275.57 |           nan |
| Book Value Per Share               |           5.18 |           5.31 |           5.22 |           5.55 |           5.95 |           5.38 |           5.98 |           5.74 |           5.55 |           4.14 |           nan |
| Tangible Book Value                |         830.47 |         853.72 |         837.34 |         915.47 |         992.77 |         876.37 |         984.73 |         925.38 |         890    |         609.51 |           nan |
| Tangible Book Value Per Share      |           4.59 |           4.71 |           4.61 |           4.95 |           5.35 |           4.77 |           5.36 |           5.08 |           4.88 |           3.44 |           nan |
| Machinery                          |         nan    |         nan    |         nan    |         nan    |         nan    |         nan    |         nan    |         nan    |         nan    |           1.72 |           nan |
| Leasehold Improvements             |         nan    |         nan    |         nan    |         nan    |         nan    |         nan    |         nan    |         nan    |         nan    |           0.39 |           nan |

## balance sheet annually
| Year Ending                        |     TTM |   Jun 30, 2023 |   Jun 30, 2022 |   Jun 30, 2021 |   Jun 30, 2020 |   Jun 30, 2019 |   2018 - 2013 |
|:-----------------------------------|--------:|---------------:|---------------:|---------------:|---------------:|---------------:|--------------:|
| Cash & Equivalents                 |  326.19 |         373.45 |         419.92 |         211.58 |         437.51 |         198.19 |           nan |
| Cash & Short-Term Investments      |  326.19 |         373.45 |         419.92 |         211.58 |         437.51 |         198.19 |           nan |
| Cash Growth                        |   -7.01 |         -11.07 |          98.47 |         -51.64 |         120.76 |          17.21 |           nan |
| Accounts Receivable                |  nan    |          53.45 |          64.3  |         114    |         126.83 |         123.37 |           nan |
| Other Receivables                  |  nan    |           1.19 |           0.35 |           0.13 |           0.38 |           0.44 |           nan |
| Receivables                        |   41.15 |          58.27 |          66.27 |         118.39 |         136.43 |         127.43 |           nan |
| Prepaid Expenses                   |    1.82 |           0.98 |           0.99 |           1.34 |           0.78 |           0.9  |           nan |
| Other Current Assets               |    3.63 |           2.96 |           2.37 |           2.47 |           2.4  |           2.01 |           nan |
| Total Current Assets               |  372.79 |         435.65 |         489.56 |         333.78 |         577.12 |         328.52 |           nan |
| Property, Plant & Equipment        |    6.83 |           7.93 |          10.15 |          12.12 |          14.25 |           0.58 |           nan |
| Long-Term Investments              |  509.36 |         570.23 |         541.73 |         689.65 |         396.42 |         339.08 |           nan |
| Goodwill                           |  nan    |         106.25 |         105.29 |         102.84 |         105.25 |         104.7  |           nan |
| Other Intangible Assets            |  107.31 |           2.53 |           6    |          10.22 |          15.3  |          19.81 |           nan |
| Long-Term Deferred Tax Assets      |   34.28 |          45.84 |          49.85 |          41.11 |         nan    |         nan    |           nan |
| Other Long-Term Assets             |    2.85 |           4.06 |           6.92 |           5.26 |           1.97 |         nan    |           nan |
| Total Assets                       | 1056    |        1199    |        1241    |        1216    |        1124    |         800.29 |           nan |
| Accounts Payable                   |   12.72 |           9.93 |          13.46 |          10.33 |          10.09 |          13.21 |           nan |
| Accrued Expenses                   |   23.25 |          37.7  |          33.42 |          28.21 |          25.72 |          20.06 |           nan |
| Current Portion of Leases          |    2.65 |           2.61 |           2.59 |           2.28 |           2.41 |         nan    |           nan |
| Current Income Taxes Payable       |   11.2  |          12.77 |          18.48 |          11.58 |          20.18 |          19.36 |           nan |
| Other Current Liabilities          |   60.42 |         159.86 |         133.35 |         157.55 |           0.31 |           0.33 |           nan |
| Total Current Liabilities          |  110.23 |         222.86 |         201.3  |         209.93 |          58.71 |          52.95 |           nan |
| Long-Term Leases                   |    6.22 |           7.56 |           9.97 |          12.33 |          14.88 |         nan    |           nan |
| Long-Term Deferred Tax Liabilities |  nan    |         nan    |         nan    |         nan    |           1.25 |           9.15 |           nan |
| Other Long-Term Liabilities        |    1.45 |           6.05 |           3.38 |           4.47 |           3.11 |           4.17 |           nan |
| Total Liabilities                  |  117.91 |         236.47 |         214.64 |         226.73 |          77.95 |          66.27 |           nan |
| Common Stock                       |  629.59 |         632.32 |         671.72 |         607.85 |         525.27 |         243.15 |           nan |
| Retained Earnings                  |  297.94 |         320.52 |         350.52 |         381.69 |         517.27 |         488.37 |           nan |
| Comprensive Income & Other         |   10.25 |           9.66 |           4.53 |          -0.1  |           3.38 |           2.5  |           nan |
| Shareholders' Equity               |  937.77 |         962.5  |        1027    |         989.43 |        1046    |         734.02 |           nan |
| Total Liabilities & Equity         | 1056    |        1199    |        1241    |        1216    |        1124    |         800.29 |           nan |
| Total Debt                         |    8.87 |          10.17 |          12.55 |          14.6  |          17.29 |         nan    |           nan |
| Net Cash (Debt)                    |  317.32 |         363.27 |         407.37 |         196.98 |         420.23 |         198.19 |           nan |
| Net Cash Growth                    |   -6.58 |         -10.82 |         106.81 |         -53.13 |         112.03 |          17.21 |           nan |
| Net Cash Per Share                 |    1.75 |           1.99 |           2.2  |           1.07 |           2.32 |           1.12 |           nan |
| Filing Date Shares Outstanding     |  181.03 |         181.43 |         185.09 |         183.79 |         182.28 |         177.09 |           nan |
| Total Common Shares Outstanding    |  181.03 |         181.43 |         185.09 |         183.79 |         182.28 |         177.09 |           nan |
| Working Capital                    |  262.56 |         212.79 |         288.26 |         123.84 |         518.41 |         275.57 |           nan |
| Book Value Per Share               |    5.18 |           5.31 |           5.55 |           5.38 |           5.74 |           4.14 |           nan |
| Tangible Book Value                |  830.47 |         853.72 |         915.47 |         876.37 |         925.38 |         609.51 |           nan |
| Tangible Book Value Per Share      |    4.59 |           4.71 |           4.95 |           4.77 |           5.08 |           3.44 |           nan |
| Machinery                          |  nan    |         nan    |         nan    |         nan    |         nan    |           1.72 |           nan |
| Leasehold Improvements             |  nan    |         nan    |         nan    |         nan    |         nan    |           0.39 |           nan |

## income quarterly
| Period Ending                         |   Dec 31, 2023 |   Jun 30, 2023 |   Dec 31, 2022 |   Jun 30, 2022 |   Dec 31, 2021 |   Jun 30, 2021 |   Dec 31, 2020 |   Jun 30, 2020 |   Dec 31, 2019 |   Jun 30, 2019 |   +2 Quarters |
|:--------------------------------------|---------------:|---------------:|---------------:|---------------:|---------------:|---------------:|---------------:|---------------:|---------------:|---------------:|--------------:|
| Operating Revenue                     |        131.06  |        161.13  |        181.87  |         241.09 |        364.56  |        342.48  |        324.63  |        343.6   |        331.47  |         286.72 |           nan |
| Other Revenue                         |         38.59  |         70.71  |         17.05  |         -89.94 |         34.37  |         47.43  |          5.32  |        -10.89  |         30.57  |          54    |           nan |
| Revenue                               |        169.64  |        231.84  |        198.92  |         151.15 |        398.93  |        389.91  |        329.95  |        332.72  |        362.05  |         340.72 |           nan |
| Revenue Growth (YoY)                  |        -14.72  |         53.38  |        -50.14  |         -61.23 |         20.91  |         17.19  |         -8.87  |         -2.35  |         31.72  |          33.44 |           nan |
| Cost of Revenue                       |         36.01  |         43.54  |         48.58  |          46.44 |         42.22  |         36.24  |         34.28  |         37.66  |         36.25  |          31.93 |           nan |
| Gross Profit                          |        133.63  |        188.3   |        150.34  |         104.71 |        356.71  |        353.68  |        295.67  |        295.06  |        325.8   |         308.79 |           nan |
| Selling, General & Admin              |         16.29  |         16.32  |         15.55  |          18.5  |         18.47  |         16.97  |         15.53  |         21.63  |         16.94  |          20.44 |           nan |
| Depreciation & Amortization           |          1.92  |          2.45  |          3.59  |           3.59 |          3.56  |          3.49  |          3.59  |          3.72  |          3.38  |           2.54 |           nan |
| Other Operating Expenses              |          1.76  |          3.18  |          2.08  |           2.02 |          2.17  |          2.03  |          1.01  |          2.5   |          1.21  |           1.91 |           nan |
| Operating Expenses                    |         19.98  |         21.95  |         21.22  |          24.1  |         24.19  |         22.49  |         20.12  |         27.85  |         21.53  |          24.88 |           nan |
| Operating Income                      |        113.65  |        166.35  |        129.11  |          80.61 |        332.52  |        331.19  |        275.55  |        267.21  |        304.27  |         283.91 |           nan |
| Interest Expense                      |         -0.73  |        nan     |         -0.77  |         nan    |         -1.13  |         -0.1   |         -0.54  |         -0.14  |         -0.59  |         nan    |           nan |
| Interest & Investment Income          |        nan     |          0.32  |        nan     |           0.59 |        nan     |        nan     |        nan     |        nan     |        nan     |           0.21 |           nan |
| Earnings From Equity Investments      |          2.78  |         -3.95  |         -8.5   |           5.32 |          3.06  |        -35.64  |         -6.08  |        nan     |        nan     |         nan    |           nan |
| Currency Exchange Gain (Loss)         |         -0.33  |          0.42  |          0.47  |           1.36 |          2.09  |         -0.06  |         -4.79  |         -2.95  |          2.14  |           1.06 |           nan |
| Other Non Operating Income (Expenses) |         31.45  |        -27.63  |         -3.4   |          20.91 |        nan     |       -216.32  |        nan     |        -54.86  |        nan     |          -0.43 |           nan |
| EBT Excluding Unusual Items           |        146.83  |        135.51  |        116.91  |         108.79 |        336.54  |         79.08  |        264.15  |        209.26  |        305.82  |         284.76 |           nan |
| Merger & Restructuring Charges        |        nan     |        nan     |        nan     |         nan    |        nan     |         -5.98  |        nan     |        nan     |        nan     |         nan    |           nan |
| Gain (Loss) on Sale of Investments    |          0.08  |         -0.26  |        nan     |          50.66 |        nan     |        nan     |        nan     |        nan     |        nan     |         nan    |           nan |
| Other Unusual Items                   |        nan     |          3.4   |        nan     |           8.66 |         -8.66  |          4.07  |         -4.07  |         53.91  |        -53.91  |         -15.51 |           nan |
| Pretax Income                         |        146.9   |        138.66  |        116.91  |         168.1  |        327.89  |         77.17  |        260.08  |        263.17  |        251.91  |         269.25 |           nan |
| Income Tax Expense                    |         42.85  |         39.76  |         33.16  |          36.72 |         76.25  |         14.34  |         57.75  |         62.63  |         56.23  |          65.83 |           nan |
| Net Income                            |        104.06  |         98.9   |         83.76  |         131.38 |        251.63  |         62.83  |        202.33  |        200.54  |        195.68  |         203.42 |           nan |
| Net Income to Common                  |        104.06  |         98.9   |         83.76  |         131.38 |        251.63  |         62.83  |        202.33  |        200.54  |        195.68  |         203.42 |           nan |
| Net Income Growth                     |         24.24  |        -24.72  |        -66.71  |         109.11 |         24.37  |        -68.67  |          3.4   |         -1.42  |         12.77  |          28.47 |           nan |
| Shares Outstanding (Basic)            |        181     |        181     |        184     |         186    |        185     |        184     |        183     |        182     |        181     |         177    |           nan |
| Shares Outstanding (Diluted)          |        181     |        181     |        184     |         186    |        185     |        184     |        183     |        182     |        181     |         177    |           nan |
| Shares Change (YoY)                   |         -1.26  |         -2.24  |         -0.51  |           1.04 |          0.86  |          0.81  |          1.24  |          2.93  |          2.33  |           1.25 |           nan |
| EPS (Basic)                           |          0.57  |          0.54  |          0.46  |           0.71 |          1.36  |          0.34  |          1.11  |          1.1   |          1.08  |           1.15 |           nan |
| EPS (Diluted)                         |          0.57  |          0.54  |          0.46  |           0.71 |          1.36  |          0.34  |          1.11  |          1.1   |          1.08  |           1.15 |           nan |
| EPS Growth                            |         25.85  |        -23.05  |        -66.54  |         107.2  |         23.29  |        -68.96  |          2.17  |         -4.23  |         10.18  |          26.89 |           nan |
| Free Cash Flow                        |         -4.84  |         96.46  |         90.01  |         195.99 |        238.37  |        164.27  |        236.79  |        186.9   |        210.87  |         167.99 |           nan |
| Free Cash Flow Per Share              |         -0.03  |          0.53  |          0.49  |           1.06 |          1.29  |          0.89  |          1.29  |          1.03  |          1.17  |           0.95 |           nan |
| Dividend Per Share                    |          0.294 |          0.356 |          0.469 |           0.65 |          1.101 |          1.026 |          0.971 |          0.916 |          0.929 |           0.78 |           nan |
| Dividend Growth                       |        -37.31  |        -45.23  |        -57.4   |         -36.65 |         13.39  |         12.01  |          4.52  |         17.44  |         25.88  |           3.86 |           nan |
| Operating Margin                      |         67     |         71.75  |         64.91  |          53.33 |         83.35  |         84.94  |         83.52  |         80.31  |         84.04  |          83.33 |           nan |
| Free Cash Flow Margin                 |         -2.85  |         41.61  |         45.25  |         129.67 |         59.75  |         42.13  |         71.77  |         56.17  |         58.24  |          49.3  |           nan |
| EBITDA                                |        115.58  |        166.62  |        132.71  |          81.93 |        336.08  |        332.39  |        279.14  |        268.77  |        307.65  |         286.45 |           nan |
| D&A For EBITDA                        |          1.92  |          0.27  |          3.59  |           1.32 |          3.56  |          1.2   |          3.59  |          1.56  |          3.38  |           2.54 |           nan |
| EBIT                                  |        113.65  |        166.35  |        129.11  |          80.61 |        332.52  |        331.19  |        275.55  |        267.21  |        304.27  |         283.91 |           nan |
| Revenue as Reported                   |        169.31  |        232.26  |        199.39  |         152.51 |        401.02  |        389.86  |        325.16  |        329.77  |        364.19  |         341.78 |           nan |

