## ratio quarterly
| Period Ending            |   Current |   Dec 31, 2023 |   Jun 30, 2023 |   Dec 31, 2022 |   Jun 30, 2022 |   Dec 31, 2021 |   Jun 30, 2021 |   Dec 31, 2020 |   Jun 30, 2020 |   Dec 31, 2019 |   Jun 30, 2019 |   +2 Quarters |
|:-------------------------|----------:|---------------:|---------------:|---------------:|---------------:|---------------:|---------------:|---------------:|---------------:|---------------:|---------------:|--------------:|
| Market Capitalization    |   1260    |         833    |         572    |         527    |         230    |         333    |         237    |         119    |          50    |          72    |          74    |           nan |
| Market Cap Growth        |     57.97 |          57.97 |         148.21 |          58.42 |          -2.83 |         179.18 |         372.49 |          66.66 |         -31.89 |          -6.38 |          11.4  |           nan |
| Enterprise Value         |   1239    |         796    |         520    |         466    |         159    |         281    |         228    |         108    |          37    |          57    |          65    |           nan |
| Last Close Price         |      1.3  |           1.09 |           0.76 |           0.7  |           0.59 |           0.86 |           0.71 |           0.47 |           0.2  |           0.29 |           0.32 |           nan |
| PE Ratio                 |    nan    |         -73.23 |         -52.85 |         -39.02 |         -32.45 |         -50.74 |         -40.98 |          39.56 |          18.05 |         -15.35 |         -16.85 |           nan |
| PS Ratio                 |  28888.9  |       23984    |       14875.5  |       12993.3  |        4469.77 |        6111.76 |        4226.19 |        2100.62 |         650.29 |         656.74 |         617.73 |           nan |
| PB Ratio                 |      2.62 |           2.22 |           1.53 |           1.38 |           2    |           2.86 |           2.46 |           2.43 |           1.05 |           1.47 |           1.55 |           nan |
| P/FCF Ratio              |    -30.54 |         -30.54 |         -17.26 |         -20.91 |         -19.2  |         -35.37 |         -36.92 |         -36.92 |         -11.16 |         -11.85 |         -13.55 |           nan |
| P/OCF Ratio              |   -197.72 |        -197.72 |        -109.39 |         -94.84 |         -61.61 |         -95.09 |         -95.15 |         -59.61 |         -21.88 |         -28.42 |         -30.79 |           nan |
| EV/Sales Ratio           |  22920.5  |       22920.5  |       13516    |       11488.7  |        3074.04 |        5158.58 |        4058.78 |        1898.34 |         475.32 |         519.27 |         546.96 |           nan |
| EV/EBITDA Ratio          |    -67.28 |         -67.28 |         -46.92 |         -47.27 |         -22.36 |         -48.47 |         -46.59 |          38.22 |          13.32 |         -13.19 |         -16.8  |           nan |
| EV/EBIT Ratio            |    -63.1  |         -63.1  |         -44.01 |         -46    |         -21.78 |         -47.11 |         -45.38 |          39.71 |          13.88 |         -12.81 |         -16.33 |           nan |
| EV/FCF Ratio             |    -45.42 |         -29.19 |         -15.68 |         -18.49 |         -13.21 |         -29.85 |         -35.46 |         -33.36 |          -8.15 |          -9.37 |         -12    |           nan |
| Debt / Equity Ratio      |      0.01 |           0.01 |           0.01 |           0.01 |           0.03 |           0    |           0.01 |           0.01 |           0.01 |           0.01 |         nan    |           nan |
| Debt / FCF Ratio         |     -0.14 |          -0.14 |          -0.12 |          -0.16 |          -0.32 |          -0.01 |          -0.08 |          -0.18 |          -0.14 |          -0.12 |         nan    |           nan |
| Quick Ratio              |     13.03 |         nan    |         nan    |         nan    |         nan    |         nan    |         nan    |         nan    |         nan    |         nan    |         nan    |           nan |
| Current Ratio            |     13.43 |         nan    |         nan    |         nan    |         nan    |         nan    |         nan    |         nan    |         nan    |         nan    |         nan    |           nan |
| Earnings Yield           |     -1.15 |          -1.35 |          -1.77 |          -1.72 |          -2.96 |          -1.67 |          -2.03 |           2.45 |           5.73 |          -5.89 |          -5.18 |           nan |
| FCF Yield                |     -2.16 |          -3.27 |          -5.79 |          -4.78 |          -5.21 |          -2.83 |          -2.71 |          -2.71 |          -8.96 |          -8.44 |          -7.38 |           nan |
| Buyback Yield / Dilution |    -43.42 |         -13.3  |         -95.33 |         -88.61 |         -25.85 |         -44.8  |         -24.45 |          -2.6  |         -17.83 |         -24.5  |         -10.08 |           nan |
| Total Shareholder Return |    -43.42 |         -13.3  |         -95.33 |         -88.61 |         -25.85 |         -44.8  |         -24.45 |          -2.6  |         -17.83 |         -24.5  |         -10.08 |           nan |

## ratio annually
| Year Ending              |   Current |   Jun 30, 2023 |   Jun 30, 2022 |   Jun 30, 2021 |   Jun 30, 2020 |   Jun 30, 2019 |   2018 - 2013 |
|:-------------------------|----------:|---------------:|---------------:|---------------:|---------------:|---------------:|--------------:|
| Market Capitalization    |   1260    |         572    |         230    |         237    |          50    |          74    |           nan |
| Market Cap Growth        |     57.97 |         148.21 |          -2.83 |         372.49 |         -31.89 |          11.4  |           nan |
| Enterprise Value         |   1239    |         520    |         159    |         228    |          37    |          65    |           nan |
| Last Close Price         |      1.3  |           0.76 |           0.59 |           0.71 |           0.2  |           0.32 |           nan |
| PE Ratio                 |    nan    |         -53.06 |         -32.26 |         -40.86 |          17.24 |         -16.81 |           nan |
| PS Ratio                 |  28888.9  |       14875.5  |        4469.77 |        4226.19 |         650.29 |         617.73 |           nan |
| PB Ratio                 |      2.62 |           1.53 |           2    |           2.46 |           1.05 |           1.55 |           nan |
| P/FCF Ratio              |    -30.54 |         -17.26 |         -19.2  |         -36.92 |         -11.16 |         -13.55 |           nan |
| P/OCF Ratio              |   -197.72 |        -109.39 |         -61.61 |         -95.15 |         -21.88 |         -30.79 |           nan |
| EV/Sales Ratio           |  22920.5  |       13516    |        3074.04 |        4058.78 |         475.32 |         546.96 |           nan |
| EV/EBITDA Ratio          |    -67.28 |         -46.92 |         -22.36 |         -46.59 |          13.32 |         -16.8  |           nan |
| EV/EBIT Ratio            |    -63.1  |         -44.01 |         -21.78 |         -45.38 |          13.88 |         -16.33 |           nan |
| EV/FCF Ratio             |    -45.42 |         -15.68 |         -13.21 |         -35.46 |          -8.15 |         -12    |           nan |
| Debt / Equity Ratio      |      0.01 |           0.01 |           0.03 |           0.01 |           0.01 |         nan    |           nan |
| Debt / EBITDA Ratio      |    nan    |         nan    |         nan    |         nan    |           0.22 |         nan    |           nan |
| Debt / FCF Ratio         |     -0.14 |          -0.12 |          -0.32 |          -0.08 |          -0.14 |         nan    |           nan |
| Asset Turnover           |      0    |           0    |           0    |           0    |           0    |           0    |           nan |
| Quick Ratio              |     13.03 |           4.1  |          31.92 |          47.95 |          19.12 |          26.89 |           nan |
| Current Ratio            |     13.43 |           4.19 |          32.27 |          48.15 |          19.41 |          27.34 |           nan |
| Return on Equity (ROE)   |     -2.97 |          -4.13 |          -6.46 |          -6.68 |           6.03 |          -8.64 |           nan |
| Return on Assets (ROA)   |     -2.02 |          -2.88 |          -4.16 |          -4.27 |           3.4  |          -5.59 |           nan |
| Return on Capital (ROIC) |     -2.06 |          -2.97 |          -4.21 |          -4.32 |           3.44 |          -5.66 |           nan |
| Earnings Yield           |     -1.15 |          -1.77 |          -2.96 |          -2.03 |           5.73 |          -5.18 |           nan |
| FCF Yield                |     -2.16 |          -5.79 |          -5.21 |          -2.71 |          -8.96 |          -7.38 |           nan |
| Buyback Yield / Dilution |    -43.42 |         -92.12 |         -34.24 |         -13.73 |         -21.01 |          -5.22 |           nan |
| Total Shareholder Return |    -43.42 |         -92.12 |         -34.24 |         -13.73 |         -21.01 |          -5.22 |           nan |

## cash flow annually
| Year Ending                         |       TTM |   Jun 30, 2023 |   Jun 30, 2022 |   Jun 30, 2021 |   Jun 30, 2020 |   Jun 30, 2019 |   2018 - 2013 |
|:------------------------------------|----------:|---------------:|---------------:|---------------:|---------------:|---------------:|--------------:|
| Net Income                          |    -11.24 |         -10.12 |          -6.83 |          -4.82 |           2.87 |          -3.81 |           nan |
| Depreciation & Amortization         |      1.17 |           1.18 |           0.4  |           0.24 |          -6.85 |           0.11 |           nan |
| Loss (Gain) From Sale of Assets     |     -0.01 |          -0.01 |           0    |          -0    |           0.01 |           0    |           nan |
| Stock-Based Compensation            |      3.12 |           3.12 |           2.59 |           2.19 |           1.5  |           1.08 |           nan |
| Other Operating Activities          |      2.16 |         nan    |         nan    |          -0.15 |         nan    |         nan    |           nan |
| Change in Accounts Receivable       |      0.3  |           0.3  |          -0.01 |          -0.01 |           0.13 |           0.08 |           nan |
| Change in Accounts Payable          |      0.3  |           0.3  |           0.1  |           0.06 |           0.04 |           0.14 |           nan |
| Operating Cash Flow                 |     -4.21 |          -5.23 |          -3.74 |          -2.49 |          -2.29 |          -2.39 |           nan |
| Capital Expenditures                |    -23.06 |         -27.92 |          -8.26 |          -3.93 |          -2.21 |          -3.05 |           nan |
| Sale of Property, Plant & Equipment |      0.11 |           0.33 |         nan    |           0.01 |         nan    |           0    |           nan |
| Cash Acquisitions                   |     -7.03 |           9.54 |         nan    |         nan    |         nan    |         nan    |           nan |
| Investment in Securities            |    nan    |         nan    |         nan    |         nan    |         nan    |           1.16 |           nan |
| Other Investing Activities          |      2.04 |          -0    |          -0.35 |         nan    |         nan    |         nan    |           nan |
| Investing Cash Flow                 |    -27.94 |         -18.04 |          -8.61 |          -3.92 |          -2.21 |          -1.89 |           nan |
| Long-Term Debt Repaid               |    nan    |          -0.24 |          -0.19 |          -0.1  |          -0.1  |         nan    |           nan |
| Total Debt Repaid                   |     -0.2  |         nan    |         nan    |         nan    |         nan    |         nan    |           nan |
| Net Debt Issued (Repaid)            |     -0.2  |          -0.24 |          -0.19 |          -0.1  |          -0.1  |         nan    |           nan |
| Issuance of Common Stock            |      2.12 |           0.02 |          25.06 |          48.52 |           2.29 |           9    |           nan |
| Other Financing Activities          |    nan    |         nan    |         nan    |          -2.18 |          -0.06 |          -0.53 |           nan |
| Financing Cash Flow                 |      1.91 |          -0.23 |          24.87 |          46.23 |           2.14 |           8.47 |           nan |
| Foreign Exchange Rate Adjustments   |     -0.89 |          -0.66 |          -0.04 |           0.51 |          -0.5  |           0.09 |           nan |
| Net Cash Flow                       |    -31.13 |         -24.15 |          12.48 |          40.33 |          -2.86 |           4.28 |           nan |
| Free Cash Flow                      |    -27.27 |         -33.15 |         -12    |          -6.42 |          -4.5  |          -5.44 |           nan |
| Free Cash Flow Margin               | -78523.4  |      -86185.9  |      -23275.9  |      -11447.2  |       -5828.69 |       -4559.73 |           nan |
| Free Cash Flow Per Share            |     -0.04 |          -0.05 |          -0.03 |          -0.02 |          -0.02 |          -0.03 |           nan |
| Cash Interest Paid                  |      0.17 |           0.18 |           0.01 |           0.02 |           0.03 |         nan    |           nan |
| Cash Income Tax Paid                |    nan    |         nan    |         nan    |         nan    |         nan    |          -0.04 |           nan |
| Levered Free Cash Flow              |    -33.62 |         -25.72 |          -9.57 |          -4.48 |          -5.71 |          -4.26 |           nan |
| Unlevered Free Cash Flow            |    -33.5  |         -25.6  |          -9.56 |          -4.46 |          -5.69 |          -4.26 |           nan |
| Change in Net Working Capital       |      9.06 |          -5.4  |          -0.26 |          -0.17 |          -0.21 |          -0.09 |           nan |

## cash flow quarterly
| Period Ending                       |   Dec 31, 2023 |   Jun 30, 2023 |   Dec 31, 2022 |   Jun 30, 2022 |   Dec 31, 2021 |   Jun 30, 2021 |   Dec 31, 2020 |   Jun 30, 2020 |   Dec 31, 2019 |   Jun 30, 2019 |   +2 Quarters |
|:------------------------------------|---------------:|---------------:|---------------:|---------------:|---------------:|---------------:|---------------:|---------------:|---------------:|---------------:|--------------:|
| Net Income                          |          -6.19 |          -5.05 |          -5.07 |          -4    |          -2.83 |          -2.74 |          -2.07 |           4.99 |          -2.12 |          -2.09 |           nan |
| Depreciation & Amortization         |           0.42 |           0.75 |           0.43 |           0.25 |           0.15 |           0.13 |           0.11 |          -6.97 |           0.12 |           0.07 |           nan |
| Loss (Gain) From Sale of Assets     |         nan    |          -0.01 |         nan    |           0    |         nan    |          -0    |         nan    |           0.01 |         nan    |           0    |           nan |
| Stock-Based Compensation            |         nan    |           3.12 |         nan    |           2.59 |         nan    |           2.19 |         nan    |           1.5  |         nan    |           1.08 |           nan |
| Other Operating Activities          |           3.27 |          -1.11 |           1.11 |          -0.97 |           0.97 |          -1.42 |           1.26 |          -1.01 |           1.01 |          -0.8  |           nan |
| Change in Accounts Receivable       |         nan    |           0.3  |         nan    |          -0.01 |         nan    |          -0.01 |         nan    |           0.13 |         nan    |           0.08 |           nan |
| Change in Accounts Payable          |         nan    |           0.3  |         nan    |           0.1  |         nan    |           0.06 |         nan    |           0.04 |         nan    |           0.14 |           nan |
| Operating Cash Flow                 |          -2.51 |          -1.7  |          -3.53 |          -2.03 |          -1.71 |          -1.79 |          -0.7  |          -1.3  |          -0.99 |          -1.52 |           nan |
| Capital Expenditures                |         -10.22 |         -12.84 |         -15.07 |          -4.58 |          -3.68 |          -2.23 |          -1.7  |           0.47 |          -2.68 |          -0.85 |           nan |
| Sale of Property, Plant & Equipment |           0.01 |           0.09 |           0.24 |         nan    |         nan    |           0.01 |           0.01 |          -0    |           0    |           0    |           nan |
| Cash Acquisitions                   |          -6.93 |          -0.09 |           9.64 |         nan    |         nan    |         nan    |         nan    |         nan    |         nan    |         nan    |           nan |
| Investment in Securities            |         nan    |         nan    |         nan    |         nan    |         nan    |         nan    |         nan    |          -0.61 |           0.61 |           0.49 |           nan |
| Other Investing Activities          |           2.04 |         nan    |          -0    |          -0.35 |         nan    |         nan    |         nan    |         nan    |         nan    |         nan    |           nan |
| Investing Cash Flow                 |         -15.1  |         -12.84 |          -5.2  |          -4.93 |          -3.68 |          -2.22 |          -1.69 |          -0.14 |          -2.07 |          -0.35 |           nan |
| Long-Term Debt Repaid               |          -0.12 |         nan    |          -0.16 |         nan    |          -0.05 |         nan    |          -0.05 |         nan    |          -0.05 |         nan    |           nan |
| Total Debt Repaid                   |          -0.12 |          -0.08 |          -0.16 |          -0.13 |          -0.05 |          -0.05 |          -0.05 |          -0.05 |          -0.05 |         nan    |           nan |
| Net Debt Issued (Repaid)            |          -0.12 |          -0.08 |          -0.16 |          -0.13 |          -0.05 |          -0.05 |          -0.05 |          -0.05 |          -0.05 |         nan    |           nan |
| Issuance of Common Stock            |           2.12 |           0    |           0.02 |           0.01 |          25.04 |          48.52 |         nan    |         nan    |           2.29 |           9    |           nan |
| Other Financing Activities          |         nan    |         nan    |         nan    |         nan    |         nan    |          -2.18 |         nan    |         nan    |          -0.06 |          -0.53 |           nan |
| Financing Cash Flow                 |           1.99 |          -0.08 |          -0.15 |          -0.12 |          24.99 |          46.28 |          -0.05 |          -0.05 |           2.19 |           8.47 |           nan |
| Foreign Exchange Rate Adjustments   |          -0.05 |          -0.83 |           0.18 |           0.03 |          -0.07 |           0.29 |           0.22 |          -0.52 |           0.02 |           0.04 |           nan |
| Net Cash Flow                       |         -15.67 |         -15.46 |          -8.69 |          -7.06 |          19.54 |          42.55 |          -2.22 |          -2    |          -0.85 |           6.63 |           nan |
| Free Cash Flow                      |         -12.72 |         -14.55 |         -18.6  |          -6.62 |          -5.38 |          -4.03 |          -2.4  |          -0.83 |          -3.67 |          -2.37 |           nan |
| Free Cash Flow Margin               |      -85172.5  |      -73504.4  |      -99631.8  |      -30196.1  |      -18160.8  |      -16226.7  |       -7660.45 |       -3264.27 |       -7089.35 |       -4143.94 |           nan |
| Free Cash Flow Per Share            |          -0.02 |          -0.02 |          -0.03 |          -0.02 |          -0.02 |          -0.01 |          -0.01 |          -0    |          -0.02 |          -0.01 |           nan |
| Cash Interest Paid                  |           0.06 |           0.1  |           0.07 |           0    |           0.01 |           0.01 |           0.01 |           0.01 |           0.01 |         nan    |           nan |
| Levered Free Cash Flow              |         -17.94 |         -15.68 |         -10.04 |          -5.23 |          -4.34 |          -2.37 |          -2.11 |          -2.19 |          -3.52 |          -1.31 |           nan |
| Unlevered Free Cash Flow            |         -17.91 |         -15.6  |         -10    |          -5.23 |          -4.34 |          -2.37 |          -2.1  |          -2.18 |          -3.51 |          -1.31 |           nan |

## balance sheet annually
| Year Ending                     |     TTM |   Jun 30, 2023 |   Jun 30, 2022 |   Jun 30, 2021 |   Jun 30, 2020 |   Jun 30, 2019 |   2018 - 2013 |
|:--------------------------------|--------:|---------------:|---------------:|---------------:|---------------:|---------------:|--------------:|
| Cash & Equivalents              |   25.1  |          40.77 |          64.92 |          52.45 |          12.12 |          14.98 |           nan |
| Cash & Short-Term Investments   |   25.1  |          40.77 |          64.92 |          52.45 |          12.12 |          14.98 |           nan |
| Cash Growth                     |  -55.36 |         -37.2  |          23.79 |         332.85 |         -19.09 |          40.08 |           nan |
| Other Receivables               |    2.55 |           3.68 |           0.61 |           0.53 |           0.3  |           0.46 |           nan |
| Receivables                     |    2.55 |           3.68 |           0.61 |           0.53 |           0.3  |           0.46 |           nan |
| Prepaid Expenses                |    0.15 |           0.5  |           0.3  |           0.14 |           0.1  |           0.17 |           nan |
| Other Current Assets            |    0.7  |           0.48 |           0.44 |           0.09 |           0.09 |           0.09 |           nan |
| Total Current Assets            |   28.51 |          45.43 |          66.26 |          53.21 |          12.6  |          15.69 |           nan |
| Property, Plant & Equipment     |  354.35 |         346.24 |          54.65 |          44.66 |          36.55 |          32.42 |           nan |
| Total Assets                    |  382.86 |         391.67 |         120.92 |          97.87 |          49.15 |          48.12 |           nan |
| Accounts Payable                |    1.57 |           2.54 |           1.48 |           0.88 |           0.47 |           0.48 |           nan |
| Accrued Expenses                |    0.27 |           8.02 |           0.36 |           0.12 |           0.06 |           0.06 |           nan |
| Current Portion of Leases       |    0.28 |           0.27 |           0.21 |           0.11 |           0.1  |         nan    |           nan |
| Other Current Liabilities       |  nan    |         nan    |         nan    |         nan    |           0.03 |           0.03 |           nan |
| Total Current Liabilities       |    2.12 |          10.83 |           2.05 |           1.11 |           0.65 |           0.57 |           nan |
| Long-Term Leases                |    3.42 |           3.57 |           3.65 |           0.43 |           0.54 |         nan    |           nan |
| Other Long-Term Liabilities     |    2.65 |           2.63 |           0.04 |           0.04 |           0.05 |           0.05 |           nan |
| Total Liabilities               |    8.2  |          17.03 |           5.74 |           1.57 |           1.23 |           0.63 |           nan |
| Common Stock                    |  596.86 |         594.4  |         321.8  |         296.37 |         249.75 |         247.26 |           nan |
| Retained Earnings               | -221.22 |        -215.02 |        -204.91 |        -198.08 |        -193.27 |        -196.14 |           nan |
| Comprensive Income & Other      |   -0.99 |          -4.73 |          -1.71 |          -2    |          -8.57 |          -3.63 |           nan |
| Shareholders' Equity            |  374.66 |         374.64 |         115.18 |          96.3  |          47.92 |          47.49 |           nan |
| Total Liabilities & Equity      |  382.86 |         391.67 |         120.92 |          97.87 |          49.15 |          48.12 |           nan |
| Total Debt                      |    3.7  |           3.83 |           3.86 |           0.54 |           0.64 |         nan    |           nan |
| Net Cash (Debt)                 |   21.4  |          36.94 |          61.06 |          51.91 |          11.48 |          14.98 |           nan |
| Net Cash Growth                 |  -59.07 |         -39.51 |          17.63 |         352.15 |         -23.33 |          40.08 |           nan |
| Net Cash Per Share              |    0.03 |           0.05 |           0.17 |           0.19 |           0.05 |           0.07 |           nan |
| Filing Date Shares Outstanding  |  755.18 |         758.39 |         731.55 |         330.76 |         245.05 |         237.71 |           nan |
| Total Common Shares Outstanding |  755.18 |         758.21 |         387.37 |         306.23 |         244.89 |         230.33 |           nan |
| Working Capital                 |   26.38 |          34.6  |          64.21 |          52.1  |          11.95 |          15.12 |           nan |
| Book Value Per Share            |    0.5  |           0.49 |           0.3  |           0.31 |           0.2  |           0.21 |           nan |
| Tangible Book Value             |  374.66 |         374.64 |         115.18 |          96.3  |          47.92 |          47.49 |           nan |
| Tangible Book Value Per Share   |    0.5  |           0.49 |           0.3  |           0.31 |           0.2  |           0.21 |           nan |
| Buildings                       |  nan    |           0.63 |           0.53 |           0.52 |           0.5  |           0.51 |           nan |
| Machinery                       |  nan    |           2.34 |           1.22 |           1.1  |           0.88 |           0.87 |           nan |
| Construction In Progress        |  nan    |           0.08 |           0.41 |         nan    |         nan    |         nan    |           nan |
| Leasehold Improvements          |  nan    |           1.49 |         nan    |         nan    |         nan    |         nan    |           nan |

## balance sheet quarterly
| Period Ending                   |   Dec 31, 2023 |   Jun 30, 2023 |   Dec 31, 2022 |   Jun 30, 2022 |   Dec 31, 2021 |   Jun 30, 2021 |   Dec 31, 2020 |   Jun 30, 2020 |   Dec 31, 2019 |   Jun 30, 2019 |   +2 Quarters |
|:--------------------------------|---------------:|---------------:|---------------:|---------------:|---------------:|---------------:|---------------:|---------------:|---------------:|---------------:|--------------:|
| Cash & Equivalents              |          25.1  |          40.77 |          56.23 |          64.92 |          71.98 |          52.45 |           9.89 |          12.12 |          14.12 |          14.98 |           nan |
| Short-Term Investments          |         nan    |         nan    |         nan    |         nan    |           0.09 |         nan    |           0.09 |         nan    |           0.09 |         nan    |           nan |
| Cash & Short-Term Investments   |          25.1  |          40.77 |          56.23 |          64.92 |          72.07 |          52.45 |           9.98 |          12.12 |          14.21 |          14.98 |           nan |
| Cash Growth                     |         -55.36 |         -37.2  |         -21.98 |          23.79 |         621.96 |         332.85 |         -29.75 |         -19.09 |          68.3  |          40.08 |           nan |
| Other Receivables               |           2.55 |           3.68 |           1.51 |           0.61 |           0.39 |           0.53 |           0.53 |           0.3  |           0.5  |           0.46 |           nan |
| Receivables                     |           2.55 |           3.68 |           1.51 |           0.61 |           0.39 |           0.53 |           0.53 |           0.3  |           0.5  |           0.46 |           nan |
| Prepaid Expenses                |           0.15 |           0.5  |           0.32 |           0.3  |           0.07 |           0.14 |           0.09 |           0.1  |           0.1  |           0.17 |           nan |
| Other Current Assets            |           0.7  |           0.48 |           0.57 |           0.44 |         nan    |           0.09 |         nan    |           0.09 |         nan    |           0.09 |           nan |
| Total Current Assets            |          28.51 |          45.43 |          58.62 |          66.26 |          72.54 |          53.21 |          10.6  |          12.6  |          14.81 |          15.69 |           nan |
| Property, Plant & Equipment     |         354.35 |         346.24 |         340.22 |          54.65 |          44.67 |          44.66 |          39.8  |          36.55 |          34.71 |          32.42 |           nan |
| Total Assets                    |         382.86 |         391.67 |         398.84 |         120.92 |         117.21 |          97.87 |          50.41 |          49.15 |          49.52 |          48.12 |           nan |
| Accounts Payable                |           1.57 |           2.54 |           9.62 |           1.48 |           0.77 |           0.88 |           0.63 |           0.47 |           0.18 |           0.48 |           nan |
| Accrued Expenses                |           0.27 |           8.02 |           0.28 |           0.36 |           0.06 |           0.12 |           0.06 |           0.06 |           0.1  |           0.06 |           nan |
| Current Portion of Leases       |           0.28 |           0.27 |           0.25 |           0.21 |           0.1  |           0.11 |           0.1  |           0.1  |           0.1  |         nan    |           nan |
| Other Current Liabilities       |         nan    |         nan    |         nan    |         nan    |         nan    |         nan    |         nan    |           0.03 |         nan    |           0.03 |           nan |
| Total Current Liabilities       |           2.12 |          10.83 |          10.15 |           2.05 |           0.93 |           1.11 |           0.79 |           0.65 |           0.37 |           0.57 |           nan |
| Long-Term Leases                |           3.42 |           3.57 |           3.69 |           3.65 |         nan    |           0.43 |           0.48 |           0.54 |           0.6  |         nan    |           nan |
| Other Long-Term Liabilities     |           2.65 |           2.63 |           2.54 |           0.04 |           0.05 |           0.04 |           0.04 |           0.05 |         nan    |           0.05 |           nan |
| Total Liabilities               |           8.2  |          17.03 |          16.38 |           5.74 |           0.98 |           1.57 |           1.31 |           1.23 |           0.98 |           0.63 |           nan |
| Common Stock                    |         596.86 |         594.4  |         594.11 |         321.8  |         321.61 |         296.37 |         249.91 |         249.75 |         249.68 |         247.26 |           nan |
| Retained Earnings               |        -221.22 |        -215.02 |        -209.97 |        -204.91 |        -200.91 |        -198.08 |        -195.34 |        -193.27 |        -198.26 |        -196.14 |           nan |
| Comprensive Income & Other      |          -0.99 |          -4.73 |          -1.67 |          -1.71 |          -4.47 |          -2    |          -5.47 |          -8.57 |          -2.88 |          -3.63 |           nan |
| Shareholders' Equity            |         374.66 |         374.64 |         382.47 |         115.18 |         116.23 |          96.3  |          49.1  |          47.92 |          48.54 |          47.49 |           nan |
| Total Liabilities & Equity      |         382.86 |         391.67 |         398.84 |         120.92 |         117.21 |          97.87 |          50.41 |          49.15 |          49.52 |          48.12 |           nan |
| Total Debt                      |           3.7  |           3.83 |           3.95 |           3.86 |           0.1  |           0.54 |           0.59 |           0.64 |           0.7  |         nan    |           nan |
| Net Cash (Debt)                 |          21.4  |          36.94 |          52.29 |          61.06 |          71.97 |          51.91 |           9.4  |          11.48 |          13.51 |          14.98 |           nan |
| Net Cash Growth                 |         -59.07 |         -39.51 |         -27.35 |          17.63 |         665.99 |         352.15 |         -30.44 |         -23.33 |          59.97 |          40.08 |           nan |
| Net Cash Per Share              |           0.03 |           0.05 |           0.08 |           0.16 |           0.2  |           0.17 |           0.04 |           0.05 |           0.06 |           0.07 |           nan |
| Filing Date Shares Outstanding  |         755.18 |         758.39 |         666.55 |         731.55 |         353.4  |         330.76 |         244.06 |         245.05 |         237.88 |         237.71 |           nan |
| Total Common Shares Outstanding |         755.18 |         758.21 |         666.55 |         387.37 |         353.4  |         306.23 |         244.06 |         244.89 |         237.88 |         230.33 |           nan |
| Working Capital                 |          26.38 |          34.6  |          48.48 |          64.21 |          71.61 |          52.1  |           9.81 |          11.95 |          14.44 |          15.12 |           nan |
| Book Value Per Share            |           0.5  |           0.49 |           0.57 |           0.3  |           0.33 |           0.31 |           0.2  |           0.2  |           0.2  |           0.21 |           nan |
| Tangible Book Value             |         374.66 |         374.64 |         382.47 |         115.18 |         116.23 |          96.3  |          49.1  |          47.92 |          48.54 |          47.49 |           nan |
| Tangible Book Value Per Share   |           0.5  |           0.49 |           0.57 |           0.3  |           0.33 |           0.31 |           0.2  |           0.2  |           0.2  |           0.21 |           nan |
| Buildings                       |         nan    |           0.63 |         nan    |           0.53 |         nan    |           0.52 |         nan    |           0.5  |         nan    |           0.51 |           nan |
| Machinery                       |         nan    |           2.34 |         nan    |           1.22 |         nan    |           1.1  |         nan    |           0.88 |         nan    |           0.87 |           nan |
| Construction In Progress        |         nan    |           0.08 |         nan    |           0.41 |         nan    |         nan    |         nan    |         nan    |         nan    |         nan    |           nan |
| Leasehold Improvements          |         nan    |           1.49 |         nan    |         nan    |         nan    |         nan    |         nan    |         nan    |         nan    |         nan    |           nan |

## income quarterly
| Period Ending                         |   Dec 31, 2023 |   Jun 30, 2023 |   Dec 31, 2022 |   Jun 30, 2022 |   Dec 31, 2021 |   Jun 30, 2021 |   Dec 31, 2020 |   Jun 30, 2020 |   Dec 31, 2019 |   Jun 30, 2019 |   +2 Quarters |
|:--------------------------------------|---------------:|---------------:|---------------:|---------------:|---------------:|---------------:|---------------:|---------------:|---------------:|---------------:|--------------:|
| Operating Revenue                     |           0.01 |           0.02 |           0.02 |           0.02 |           0.03 |           0.06 |         nan    |           0.03 |           0.05 |           0.06 |           nan |
| Other Revenue                         |         nan    |         nan    |         nan    |         nan    |         nan    |          -0.03 |           0.03 |         nan    |         nan    |         nan    |           nan |
| Revenue                               |           0.01 |           0.02 |           0.02 |           0.02 |           0.03 |           0.02 |           0.03 |           0.03 |           0.05 |           0.06 |           nan |
| Revenue Growth (YoY)                  |         -19.97 |          -9.69 |         -37.04 |         -11.67 |          -5.32 |          -2.48 |         -39.49 |         -55.5  |         -16.71 |         -61.93 |           nan |
| Gross Profit                          |           0.01 |           0.02 |           0.02 |           0.02 |           0.03 |           0.02 |           0.03 |           0.03 |           0.05 |           0.06 |           nan |
| Selling, General & Admin              |           6.38 |           5.1  |           5.56 |           3.93 |           3    |           2.74 |           2.09 |           2.1  |           2.18 |           2.16 |           nan |
| Depreciation & Amortization           |           0.42 |           0.75 |           0.43 |           0.25 |           0.15 |           0.13 |           0.11 |          -6.97 |           0.12 |           0.06 |           nan |
| Operating Expenses                    |           6.79 |           5.86 |           5.99 |           4.18 |           3.15 |           2.87 |           2.21 |          -4.86 |           2.29 |           2.23 |           nan |
| Operating Income                      |          -6.78 |          -5.84 |          -5.98 |          -4.16 |          -3.12 |          -2.85 |          -2.17 |           4.89 |          -2.24 |          -2.17 |           nan |
| Interest Expense                      |          -0.05 |          -0.14 |          -0.06 |          -0.01 |         nan    |          -0.01 |          -0.01 |          -0.01 |          -0.01 |         nan    |           nan |
| Interest & Investment Income          |           0.63 |           0.88 |           0.9  |           0.17 |           0.18 |           0.12 |           0.06 |           0.08 |           0.14 |           0.08 |           nan |
| Other Non Operating Income (Expenses) |           0.01 |           0.05 |           0.06 |           0    |           0.11 |           0    |           0    |           0    |         nan    |           0    |           nan |
| EBT Excluding Unusual Items           |          -6.19 |          -5.05 |          -5.07 |          -4    |          -2.83 |          -2.74 |          -2.13 |           4.96 |          -2.12 |          -2.09 |           nan |
| Other Unusual Items                   |         nan    |         nan    |         nan    |         nan    |         nan    |         nan    |           0.05 |           0.04 |         nan    |         nan    |           nan |
| Pretax Income                         |          -6.19 |          -5.05 |          -5.07 |          -4    |          -2.83 |          -2.74 |          -2.07 |           4.99 |          -2.12 |          -2.09 |           nan |
| Net Income                            |          -6.19 |          -5.05 |          -5.07 |          -4    |          -2.83 |          -2.74 |          -2.07 |           4.99 |          -2.12 |          -2.09 |           nan |
| Net Income to Common                  |          -6.19 |          -5.05 |          -5.07 |          -4    |          -2.83 |          -2.74 |          -2.07 |           4.99 |          -2.12 |          -2.09 |           nan |
| Shares Outstanding (Basic)            |         755    |         755    |         667    |         387    |         353    |         307    |         244    |         246    |         238    |         210    |           nan |
| Shares Outstanding (Diluted)          |         755    |         755    |         667    |         387    |         353    |         307    |         244    |         247    |         238    |         210    |           nan |
| Shares Change (YoY)                   |          13.3  |          95.33 |          88.61 |          25.85 |          44.8  |          24.45 |           2.6  |          17.83 |          24.5  |          10.08 |           nan |
| EPS (Basic)                           |          -0.01 |          -0.01 |          -0.01 |          -0.01 |          -0.01 |          -0.01 |          -0.01 |           0.02 |          -0.01 |          -0.01 |           nan |
| EPS (Diluted)                         |          -0.01 |          -0.01 |          -0.01 |          -0.01 |          -0.01 |          -0.01 |          -0.01 |           0.02 |          -0.01 |          -0.01 |           nan |
| Free Cash Flow                        |         -12.72 |         -14.55 |         -18.6  |          -6.62 |          -5.38 |          -4.03 |          -2.4  |          -0.83 |          -3.67 |          -2.37 |           nan |
| Free Cash Flow Per Share              |          -0.02 |          -0.02 |          -0.03 |          -0.02 |          -0.02 |          -0.01 |          -0.01 |          -0    |          -0.02 |          -0.01 |           nan |
| Operating Margin                      |      -45375.4  |      -29492.5  |      -32009.6  |      -18987.4  |      -10513.1  |      -11470    |       -6942.4  |       19207.7  |       -4333.63 |       -3798.05 |           nan |
| Profit Margin                         |      -41449.2  |      -25516.9  |      -27137.7  |      -18243    |       -9535.19 |      -11046.1  |       -6624.78 |       19620.2  |       -4090.54 |       -3663.75 |           nan |
| Free Cash Flow Margin                 |      -85172.5  |      -73504.4  |      -99631.8  |      -30196.1  |      -18160.8  |      -16226.7  |       -7660.45 |       -3264.27 |       -7089.35 |       -4143.94 |           nan |
| EBITDA                                |          -6.55 |          -5.28 |          -5.8  |          -4.06 |          -3.03 |          -2.77 |          -2.12 |           4.94 |          -2.18 |          -2.11 |           nan |
| D&A For EBITDA                        |           0.22 |           0.56 |           0.17 |           0.1  |           0.09 |           0.08 |           0.05 |           0.05 |           0.06 |           0.07 |           nan |
| EBIT                                  |          -6.78 |          -5.84 |          -5.98 |          -4.16 |          -3.12 |          -2.85 |          -2.17 |           4.89 |          -2.24 |          -2.17 |           nan |
| Revenue as Reported                   |           0.65 |           0.94 |           0.99 |           0.23 |           0.29 |           0.14 |           0.14 |           0.14 |           0.19 |           0.13 |           nan |

