## ratio annually
| Year Ending              |   Current |   Dec 31, 2023 |   Dec 31, 2022 |   Dec 31, 2021 |   Dec 31, 2020 |   Dec 31, 2019 |   2018 - 2013 |
|:-------------------------|----------:|---------------:|---------------:|---------------:|---------------:|---------------:|--------------:|
| Market Capitalization    |   8629    |        9613    |        9092    |       10952    |       13424    |         nan    |           nan |
| Market Cap Growth        |      5.72 |           5.72 |         -16.98 |         -18.42 |         nan    |         nan    |           nan |
| Enterprise Value         |  14821    |       15517    |       14616    |       16715    |       23310    |         nan    |           nan |
| Last Close Price         |      4.65 |           5.08 |           4.63 |           5.4  |           6.47 |         nan    |           nan |
| PE Ratio                 |    178.85 |         195.31 |          16.78 |          88.86 |          10.09 |         nan    |           nan |
| PS Ratio                 |      1.56 |           1.74 |           1.68 |           2.07 |           3.09 |         nan    |           nan |
| PB Ratio                 |      0.74 |           0.83 |           0.76 |           0.93 |           1.13 |         nan    |           nan |
| P/FCF Ratio              |     14.56 |          14.56 |          17.97 |          10.74 |          17.28 |         nan    |           nan |
| P/OCF Ratio              |      6.32 |           6.32 |           7.27 |           6.75 |          11.3  |         nan    |           nan |
| EV/Sales Ratio           |      2.68 |           2.8  |           2.7  |           3.16 |           5.36 |         nan    |           nan |
| EV/EBITDA Ratio          |      9.29 |          11.08 |          11.13 |          12.71 |          22.46 |         nan    |           nan |
| EV/EBIT Ratio            |     38.6  |          40.41 |          47.46 |          62.6  |         101.79 |         nan    |           nan |
| EV/FCF Ratio             |     22.46 |          23.51 |          28.89 |          16.39 |          30    |         nan    |           nan |
| Debt / Equity Ratio      |      0.54 |           0.54 |           0.48 |           0.49 |           0.46 |          -7.17 |           nan |
| Debt / EBITDA Ratio      |      3.96 |           3.96 |           3.88 |           3.92 |           4.6  |           9.04 |           nan |
| Debt / FCF Ratio         |      9.56 |           9.56 |          11.18 |           5.6  |           7.04 |           8.79 |           nan |
| Asset Turnover           |      0.28 |           0.28 |           0.28 |           0.28 |           0.32 |           0.42 |           nan |
| Inventory Turnover       |     21.26 |          21.26 |          23.9  |          40.04 |          33.48 |          17.47 |           nan |
| Quick Ratio              |      0.63 |           0.63 |           0.46 |           0.41 |           0.38 |           0.17 |           nan |
| Current Ratio            |      0.75 |           0.75 |           0.6  |           0.51 |           0.47 |           0.21 |           nan |
| Return on Equity (ROE)   |      0.42 |           0.42 |           4.34 |           0.96 |          13.73 |         nan    |           nan |
| Return on Assets (ROA)   |      1.23 |           1.23 |           1    |           0.88 |           1.04 |           1.23 |           nan |
| Return on Capital (ROIC) |      1.35 |           1.35 |           1.1  |           0.96 |           1.15 |           1.47 |           nan |
| Earnings Yield           |      0.56 |           0.51 |           5.64 |           1.03 |           5.52 |         nan    |           nan |
| FCF Yield                |      7.65 |           6.87 |           5.57 |           9.31 |           5.79 |         nan    |           nan |
| Dividend Yield           |      3.79 |           3.54 |           3.89 |           3.06 |           1.16 |         nan    |           nan |
| Payout Ratio             |    683.67 |         683.67 |          63.35 |         254.87 |         nan    |         nan    |           nan |
| Buyback Yield / Dilution |      0.05 |           0.05 |           0.05 |         -60.8  |        -179.22 |          62.35 |           nan |
| Total Shareholder Return |      3.84 |           3.6  |           3.93 |         -57.74 |        -178.06 |          62.35 |           nan |

## income quarterly
| Period Ending                         |   Dec 31, 2023 |   Jun 30, 2023 |   Dec 31, 2022 |   Jun 30, 2022 |   Dec 31, 2021 |   Jun 30, 2021 |   Dec 31, 2020 |   Jun 30, 2020 |   Dec 31, 2019 |   Jun 30, 2019 |   +2 Quarters |
|:--------------------------------------|---------------:|---------------:|---------------:|---------------:|---------------:|---------------:|---------------:|---------------:|---------------:|---------------:|--------------:|
| Operating Revenue                     |        2825    |        2708    |        2789    |        2626    |       2667     |        2625    |        2806    |        1540    |        1790    |        1723    |           nan |
| Other Revenue                         |         -11    |          11    |         -13    |          13    |        -15     |          15    |          -1    |           6    |         nan    |         nan    |           nan |
| Revenue                               |        2814    |        2719    |        2776    |        2639    |       2652     |        2640    |        2805    |        1546    |        1790    |        1723    |           nan |
| Revenue Growth (YoY)                  |           1.37 |           3.03 |           4.68 |          -0.04 |         -5.45  |          70.76 |          56.7  |         -10.27 |          -3.66 |          -2.59 |           nan |
| Cost of Revenue                       |        1494    |        1398    |        1534    |        1453    |       1492     |        1431    |        1732    |         846.01 |        1032    |         997    |           nan |
| Gross Profit                          |        1320    |        1321    |        1242    |        1186    |       1160     |        1209    |        1073    |         699.99 |         758    |         726    |           nan |
| Selling, General & Admin              |         296    |         274    |         275    |         246    |        287     |         217    |          68    |          31    |          54    |          29    |           nan |
| Depreciation & Amortization           |         750    |         722    |         703    |         686    |        723     |         692    |         709    |         479    |         515    |         506    |           nan |
| Other Operating Expenses              |         109    |         106    |         107    |         103    |         71     |         112    |         144    |         113    |         104    |         110    |           nan |
| Operating Expenses                    |        1155    |        1102    |        1085    |        1035    |       1081     |        1021    |         921    |         623    |         673    |         645    |           nan |
| Operating Income                      |         165    |         219    |         157    |         151    |         79     |         188    |         152.01 |          76.99 |          85    |          81    |           nan |
| Interest Expense                      |         nan    |        -152    |         nan    |         -71    |        -68     |         -82    |         -95    |        -197    |        -210    |        -234    |           nan |
| Interest & Investment Income          |         144    |           2    |          66    |           1    |        nan     |           1    |           1    |           2    |           3    |           4    |           nan |
| Other Non Operating Income (Expenses) |        -299    |         nan    |         255    |         nan    |         41     |         nan    |          10    |         nan    |           5    |           5    |           nan |
| EBT Excluding Unusual Items           |          10    |          69    |         478    |          81    |         52     |         107    |          68.01 |        -118.01 |        -117    |        -144    |           nan |
| Merger & Restructuring Charges        |         nan    |         nan    |         nan    |         nan    |        nan     |           4    |         -12    |         -24    |         -10    |          -9    |           nan |
| Asset Writedown                       |         -17    |         nan    |         nan    |         nan    |        nan     |         nan    |         nan    |         nan    |         nan    |         nan    |           nan |
| Other Unusual Items                   |         nan    |         nan    |         nan    |         nan    |        nan     |         nan    |           0.99 |          -0.99 |         nan    |         nan    |           nan |
| Pretax Income                         |          -7    |          69    |         478    |          81    |         52     |         111    |          57    |        -143    |        -127    |        -153    |           nan |
| Income Tax Expense                    |          -8    |          21    |         132    |         -86    |         17     |          33    |        -594    |        -226    |         nan    |         nan    |           nan |
| Earnings From Continuing Operations   |           1    |          48    |         346    |         167    |         35     |          78    |         651    |          83    |        -127    |        -153    |           nan |
| Minority Interest in Earnings         |         nan    |         nan    |         nan    |         nan    |        nan     |         nan    |           7    |         nan    |         nan    |         nan    |           nan |
| Net Income                            |           1    |          48    |         346    |         167    |         35     |          78    |         658    |          83    |        -127    |        -153    |           nan |
| Net Income to Common                  |           1    |          48    |         346    |         167    |         35     |          78    |         658    |          83    |        -127    |        -153    |           nan |
| Net Income Growth                     |         -99.71 |         -71.26 |         888.57 |         114.1  |        -94.68  |          -6.02 |         nan    |         nan    |         nan    |         nan    |           nan |
| Shares Outstanding (Basic)            |        1856    |        1857    |        1857    |        1859    |       1859     |        1859    |        1867    |         446    |         414    |         414    |           nan |
| Shares Outstanding (Diluted)          |        1858    |        1858    |        1857    |        1861    |       1859     |        1860    |        1867    |         446    |         414    |         414    |           nan |
| Shares Change (YoY)                   |           0.04 |          -0.15 |          -0.13 |           0.03 |         -0.41  |         317.13 |         350.78 |           7.67 |         nan    |         nan    |           nan |
| EPS (Basic)                           |           0    |           0.03 |           0.19 |           0.09 |          0.02  |           0.04 |           0.35 |           0.19 |          -0.31 |          -0.37 |           nan |
| EPS (Diluted)                         |          -0    |           0.03 |           0.19 |           0.09 |          0.02  |           0.04 |           0.35 |           0.19 |          -0.31 |          -0.37 |           nan |
| EPS Growth                            |         nan    |         -71.23 |         888.63 |         124.62 |        -94.66  |         -78.51 |         nan    |         nan    |         nan    |         nan    |           nan |
| Free Cash Flow                        |         493    |         167    |         381    |         125    |        801     |         219    |         687    |          90    |         786    |         195    |           nan |
| Free Cash Flow Per Share              |           0.27 |           0.09 |           0.21 |           0.07 |          0.43  |           0.12 |           0.37 |           0.2  |           1.9  |           0.47 |           nan |
| Dividend Per Share                    |           0.09 |           0.09 |           0.09 |           0.09 |          0.085 |           0.08 |         nan    |         nan    |         nan    |         nan    |           nan |
| Dividend Growth                       |           0    |           0    |           5.88 |          12.5  |        nan     |         nan    |         nan    |         nan    |         nan    |         nan    |           nan |
| Operating Margin                      |           5.86 |           8.05 |           5.66 |           5.72 |          2.98  |           7.12 |           5.42 |           4.98 |           4.75 |           4.7  |           nan |
| Profit Margin                         |           0.04 |           1.77 |          12.46 |           6.33 |          1.32  |           2.95 |          23.46 |           5.37 |          -7.09 |          -8.88 |           nan |
| Free Cash Flow Margin                 |          17.52 |           6.14 |          13.72 |           4.74 |         30.2   |           8.3  |          24.49 |           5.82 |          43.91 |          11.32 |           nan |
| EBITDA                                |         554    |         846    |         538    |         775    |        506     |         809    |         563.01 |         474.99 |         281    |         507    |           nan |
| D&A For EBITDA                        |         389    |         627    |         381    |         624    |        427     |         621    |         411    |         398    |         196    |         426    |           nan |
| EBIT                                  |         165    |         219    |         157    |         151    |         79     |         188    |         152.01 |          76.99 |          85    |          81    |           nan |
| Advertising Expenses                  |         nan    |          58    |         nan    |          52    |        nan     |          44    |         nan    |          31    |         nan    |          29    |           nan |

## cash flow quarterly
| Period Ending                         |   Dec 31, 2023 |   Jun 30, 2023 |   Dec 31, 2022 |   Jun 30, 2022 |   Dec 31, 2021 |   Jun 30, 2021 |   Dec 31, 2020 |   Jun 30, 2020 |   Dec 31, 2019 |   Jun 30, 2019 |   +2 Quarters |
|:--------------------------------------|---------------:|---------------:|---------------:|---------------:|---------------:|---------------:|---------------:|---------------:|---------------:|---------------:|--------------:|
| Net Income                            |           1    |          48    |         346    |         167    |          35    |          78    |         658    |          83    |        -127    |        -153    |           nan |
| Depreciation & Amortization           |         489    |         722    |         462    |         686    |         497    |         692    |         481    |         479    |         282    |         506    |           nan |
| Other Amortization                    |         271    |         nan    |         247    |         nan    |         235    |         nan    |         241    |         nan    |         240    |         nan    |           nan |
| Loss (Gain) From Sale of Assets       |         nan    |         nan    |        -402    |         nan    |          -7    |         nan    |         nan    |         nan    |         nan    |         nan    |           nan |
| Asset Writedown & Restructuring Costs |          17    |         nan    |         nan    |         nan    |         nan    |         nan    |          10    |         nan    |         nan    |         nan    |           nan |
| Stock-Based Compensation              |           8    |         nan    |           5    |         nan    |         nan    |         nan    |         nan    |         nan    |         nan    |         nan    |           nan |
| Other Operating Activities            |         394    |         -56    |         506    |        -325    |         347    |        -207    |         549    |        -244    |         400    |          49    |           nan |
| Change in Accounts Receivable         |        -369    |         nan    |        -339    |         nan    |        -144    |         nan    |          45    |         nan    |          49    |         nan    |           nan |
| Change in Inventory                   |          38    |         nan    |         -60    |         nan    |         -44    |         nan    |          59    |         nan    |          26    |         nan    |           nan |
| Change in Accounts Payable            |         -14    |         nan    |         -24    |         nan    |           3    |         nan    |        -290    |         nan    |          10    |         nan    |           nan |
| Change in Unearned Revenue            |           9    |         nan    |           3    |         nan    |           4    |         nan    |         -17    |         nan    |         nan    |         nan    |           nan |
| Change in Other Net Operating Assets  |         -48    |         nan    |         -67    |         nan    |         130    |         nan    |         -21    |         nan    |          14    |         nan    |           nan |
| Operating Cash Flow                   |         808    |         714    |         723    |         528    |        1059    |         563    |         870    |         318    |         894    |         402    |           nan |
| Operating Cash Flow Growth            |          11.76 |          35.23 |         -31.73 |          -6.22 |          21.72 |          77.04 |          -2.68 |         -20.9  |         nan    |         nan    |           nan |
| Capital Expenditures                  |        -315    |        -547    |        -342    |        -403    |        -258    |        -344    |        -183    |        -228    |        -108    |        -207    |           nan |
| Sale of Property, Plant & Equipment   |         nan    |         nan    |         892    |         nan    |         nan    |         nan    |         nan    |         nan    |         nan    |         nan    |           nan |
| Cash Acquisitions                     |         nan    |         nan    |         nan    |         nan    |         nan    |         nan    |         -23    |          85    |          -9    |          -8    |           nan |
| Divestitures                          |         nan    |         nan    |         nan    |         nan    |         nan    |         nan    |        -379    |         nan    |         nan    |         nan    |           nan |
| Sale (Purchase) of Intangibles        |        -169    |        -123    |        -165    |         -82    |        -224    |         -91    |        -162    |        -243    |        -125    |        -178    |           nan |
| Other Investing Activities            |           2    |           2    |           2    |         nan    |         nan    |         nan    |         nan    |         nan    |         nan    |         nan    |           nan |
| Investing Cash Flow                   |        -482    |        -668    |         388    |        -485    |        -480    |        -435    |        -747    |        -386    |        -242    |        -393    |           nan |
| Long-Term Debt Issued                 |         nan    |         540    |         nan    |         350    |         nan    |        1030    |         nan    |         nan    |         nan    |         nan    |           nan |
| Total Debt Issued                     |        3130    |         540    |         120    |         350    |         390    |        1030    |        4780    |         nan    |         nan    |         nan    |           nan |
| Long-Term Debt Repaid                 |         nan    |        -316    |         nan    |        -241    |         nan    |        -968    |         nan    |         -67    |         nan    |         -72    |           nan |
| Total Debt Repaid                     |       -3062    |        -316    |        -952    |        -241    |        -631    |        -968    |       -4657    |         -67    |        -211    |         -72    |           nan |
| Net Debt Issued (Repaid)              |          68    |         224    |        -832    |         109    |        -241    |          62    |         123    |         -67    |        -211    |         -72    |           nan |
| Repurchase of Common Stock            |         nan    |          -8    |         nan    |         -14    |         nan    |         nan    |          -7    |         nan    |         nan    |         nan    |           nan |
| Common Dividends Paid                 |        -168    |        -167    |        -167    |        -158    |        -149    |        -139    |         nan    |         nan    |         nan    |         nan    |           nan |
| Other Financing Activities            |        -192    |        -127    |        -114    |         -66    |         -66    |         -92    |        -110    |        -129    |        -131    |        -156    |           nan |
| Financing Cash Flow                   |        -292    |         -78    |       -1113    |        -129    |        -456    |        -169    |        -473    |        -196    |        -342    |        -228    |           nan |
| Net Cash Flow                         |          34    |         -32    |          -2    |         -86    |         123    |         -41    |        -350    |        -264    |         310    |        -219    |           nan |
| Free Cash Flow                        |         493    |         167    |         381    |         125    |         801    |         219    |         687    |          90    |         786    |         195    |           nan |
| Free Cash Flow Growth                 |          29.4  |          33.6  |         -52.43 |         -42.92 |          16.59 |         143.33 |         -12.6  |         -53.85 |         nan    |         nan    |           nan |
| Free Cash Flow Margin                 |          17.52 |           6.14 |          13.72 |           4.74 |          30.2  |           8.3  |          24.49 |           5.82 |          43.91 |          11.32 |           nan |
| Free Cash Flow Per Share              |           0.27 |           0.09 |           0.21 |           0.07 |           0.43 |           0.12 |           0.37 |           0.2  |           1.9  |           0.47 |           nan |
| Cash Interest Paid                    |         192    |         127    |         114    |          66    |          65    |          93    |         110    |         131    |         134    |         160    |           nan |
| Cash Income Tax Paid                  |         nan    |         nan    |         nan    |         nan    |         nan    |           4    |         nan    |         nan    |         nan    |         nan    |           nan |
| Levered Free Cash Flow                |         546.88 |        -263.13 |         633.75 |        -268    |         685.69 |          47.25 |        4771    |       -4223    |       -1869.39 |        2086    |           nan |
| Unlevered Free Cash Flow              |         448.13 |        -168.13 |         587.13 |        -223.63 |         719.19 |          98.5  |        4817    |       -4099.88 |       -1745.14 |        2232    |           nan |

## cash flow annually
| Year Ending                           |      TTM |   Dec 31, 2023 |   Dec 31, 2022 |   Dec 31, 2021 |   Dec 31, 2020 |   Dec 31, 2019 |   2018 - 2013 |
|:--------------------------------------|---------:|---------------:|---------------:|---------------:|---------------:|---------------:|--------------:|
| Net Income                            |    49    |          49    |         513    |         113    |         741    |        -280    |           nan |
| Depreciation & Amortization           |  1211    |        1211    |        1148    |        1189    |         960    |         788    |           nan |
| Other Amortization                    |   271    |         271    |         247    |         235    |         241    |         240    |           nan |
| Loss (Gain) From Sale of Assets       |   nan    |         nan    |        -402    |          -7    |         nan    |         nan    |           nan |
| Asset Writedown & Restructuring Costs |    17    |          17    |         nan    |         nan    |          10    |         nan    |           nan |
| Stock-Based Compensation              |     8    |           8    |           5    |         nan    |         nan    |         nan    |           nan |
| Other Operating Activities            |   338    |         338    |         181    |         140    |         305    |         449    |           nan |
| Change in Accounts Receivable         |  -369    |        -369    |        -339    |        -144    |          45    |          49    |           nan |
| Change in Inventory                   |    38    |          38    |         -60    |         -44    |          59    |          26    |           nan |
| Change in Accounts Payable            |   -14    |         -14    |         -24    |           3    |        -290    |          10    |           nan |
| Change in Unearned Revenue            |     9    |           9    |           3    |           4    |         -17    |         nan    |           nan |
| Change in Other Net Operating Assets  |   -48    |         -48    |         -67    |         130    |         -21    |          14    |           nan |
| Operating Cash Flow                   |  1522    |        1522    |        1251    |        1622    |        1188    |        1296    |           nan |
| Operating Cash Flow Growth            |    21.66 |          21.66 |         -22.87 |          36.53 |          -8.33 |          15.22 |           nan |
| Capital Expenditures                  |  -862    |        -862    |        -745    |        -602    |        -411    |        -315    |           nan |
| Sale of Property, Plant & Equipment   |   nan    |         nan    |         892    |         nan    |         nan    |         nan    |           nan |
| Cash Acquisitions                     |   nan    |         nan    |         nan    |         nan    |          62    |         -17    |           nan |
| Divestitures                          |   nan    |         nan    |         nan    |         nan    |        -379    |         nan    |           nan |
| Sale (Purchase) of Intangibles        |  -292    |        -292    |        -247    |        -315    |        -405    |        -303    |           nan |
| Other Investing Activities            |     4    |           4    |           2    |         nan    |         nan    |         nan    |           nan |
| Investing Cash Flow                   | -1150    |       -1150    |         -97    |        -915    |       -1133    |        -635    |           nan |
| Long-Term Debt Issued                 |  3670    |        3670    |         470    |        1420    |        4780    |         nan    |           nan |
| Total Debt Issued                     |  3670    |         nan    |         nan    |         nan    |         nan    |         nan    |           nan |
| Long-Term Debt Repaid                 | -3378    |       -3378    |       -1193    |       -1599    |       -4724    |        -283    |           nan |
| Total Debt Repaid                     | -3378    |         nan    |         nan    |         nan    |         nan    |         nan    |           nan |
| Net Debt Issued (Repaid)              |   292    |         292    |        -723    |        -179    |          56    |        -283    |           nan |
| Repurchase of Common Stock            |    -8    |          -8    |         -14    |         nan    |          -7    |         nan    |           nan |
| Common Dividends Paid                 |  -335    |        -335    |        -325    |        -288    |         nan    |         nan    |           nan |
| Other Financing Activities            |  -319    |        -319    |        -180    |        -158    |        -239    |        -287    |           nan |
| Financing Cash Flow                   |  -370    |        -370    |       -1242    |        -625    |        -669    |        -570    |           nan |
| Net Cash Flow                         |     2    |           2    |         -88    |          82    |        -614    |          91    |           nan |
| Free Cash Flow                        |   660    |         660    |         506    |        1020    |         777    |         981    |           nan |
| Free Cash Flow Growth                 |    30.43 |          30.43 |         -50.39 |          31.27 |         -20.8  |          26.67 |           nan |
| Free Cash Flow Margin                 |    11.93 |          11.93 |           9.34 |          19.27 |          17.86 |          27.92 |           nan |
| Free Cash Flow Per Share              |     0.36 |           0.36 |           0.27 |           0.55 |           0.67 |           2.37 |           nan |
| Cash Interest Paid                    |   319    |         319    |         180    |         158    |         241    |         294    |           nan |
| Cash Income Tax Paid                  |   nan    |         nan    |         nan    |           4    |         nan    |         nan    |           nan |
| Levered Free Cash Flow                |   283.75 |         283.75 |         365.75 |         732.94 |         547.56 |         216.23 |           nan |
| Unlevered Free Cash Flow              |   280    |         280    |         363.5  |         817.69 |         717.06 |         486.73 |           nan |
| Change in Net Working Capital         |   286    |         286    |         231    |        -150    |        -199    |          20.02 |           nan |

## balance sheet quarterly
| Period Ending                     |   Dec 31, 2023 |   Jun 30, 2023 |   Dec 31, 2022 |   Jun 30, 2022 |   Dec 31, 2021 |   Jun 30, 2021 |   Dec 31, 2020 |   Jun 30, 2020 |   Dec 31, 2019 |   Jun 30, 2019 |   +2 Quarters |
|:----------------------------------|---------------:|---------------:|---------------:|---------------:|---------------:|---------------:|---------------:|---------------:|---------------:|---------------:|--------------:|
| Cash & Equivalents                |         116    |          82    |         114    |         116    |         202    |          79    |         120    |         470    |         734    |         422.99 |           nan |
| Trading Asset Securities          |           2    |         nan    |         nan    |         nan    |         nan    |         nan    |         nan    |         nan    |         nan    |         nan    |           nan |
| Cash & Short-Term Investments     |         118    |          82    |         114    |         116    |         202    |          79    |         120    |         470    |         734    |         422.99 |           nan |
| Cash Growth                       |           3.51 |         -29.31 |         -43.56 |          46.84 |          68.33 |         -83.19 |         -83.65 |          11.12 |          14.2  |         202.87 |           nan |
| Accounts Receivable               |         853    |         827    |         607    |         553    |         425    |         525    |         402    |         442    |         345    |         nan    |           nan |
| Other Receivables                 |         115    |         nan    |          74    |         nan    |          51    |         nan    |          29    |        4475    |          46    |         nan    |           nan |
| Receivables                       |         968    |         827    |         681    |         553    |         476    |         525    |         431    |        4917    |         391    |         nan    |           nan |
| Inventory                         |         117    |         126    |         155    |          88    |          95    |          75    |          51    |          64    |         103    |         nan    |           nan |
| Prepaid Expenses                  |          81    |          90    |          83    |         118    |          60    |          92    |          79    |          98    |          64    |         nan    |           nan |
| Other Current Assets              |         nan    |           7    |         nan    |         378    |         nan    |           1    |           2    |         745    |         130    |         400.97 |           nan |
| Total Current Assets              |        1284    |        1132    |        1033    |        1253    |         833    |         772    |         683    |        6294    |        1422    |         823.96 |           nan |
| Property, Plant & Equipment       |        5504    |        5156    |        5107    |        4367    |        4695    |        4478    |        4270    |        4204    |        3319    |         nan    |           nan |
| Long-Term Investments             |           3    |          11    |           2    |         nan    |         nan    |         nan    |         nan    |         nan    |         nan    |         nan    |           nan |
| Goodwill                          |        8515    |         nan    |        8515    |        8515    |        8515    |        8515    |        8568    |       10122    |        2413    |         nan    |           nan |
| Other Intangible Assets           |        3632    |       12463    |        4074    |        4302    |        4579    |        4714    |        4856    |        2916    |        1478    |         nan    |           nan |
| Long-Term Accounts Receivable     |         465    |         422    |         353    |         249    |         199    |         248    |         104    |          73    |          70    |         nan    |           nan |
| Long-Term Deferred Tax Assets     |         171    |         162    |         183    |         311    |         261    |         277    |         264    |         280    |         nan    |         nan    |           nan |
| Long-Term Deferred Charges        |          74    |         nan    |          74    |          61    |          50    |          42    |          45    |          44    |          38    |         nan    |           nan |
| Other Long-Term Assets            |          20    |          20    |          25    |          26    |          32    |          30    |          34    |          20    |           7    |        7816    |           nan |
| Total Assets                      |       19668    |       19366    |       19366    |       19084    |       19164    |       19076    |       18824    |       23953    |        8747    |        8640    |           nan |
| Accounts Payable                  |        1096    |         958    |        1113    |         904    |        1050    |         756    |         872    |         837    |         739.61 |         nan    |           nan |
| Accrued Expenses                  |         106    |         nan    |          89    |         nan    |          99    |         nan    |          96    |         nan    |          58.39 |         nan    |           nan |
| Current Portion of Long-Term Debt |         nan    |        2020    |         nan    |         nan    |         nan    |         nan    |         nan    |        9218    |        5255    |         nan    |           nan |
| Current Portion of Leases         |         122    |         103    |          93    |          49    |          61    |          65    |          92    |          61    |          84    |         nan    |           nan |
| Current Unearned Revenue          |         299    |         295    |         288    |         278    |         281    |         295    |         292    |         288    |         145    |         nan    |           nan |
| Other Current Liabilities         |          99    |         160    |         149    |         387    |         152    |         167    |         104    |        1145    |         347    |        3083    |           nan |
| Total Current Liabilities         |        1722    |        3536    |        1732    |        1618    |        1643    |        1283    |        1456    |       11549    |        6629    |        3083    |           nan |
| Long-Term Debt                    |        4076    |        1950    |        3690    |        4460    |        4290    |        4460    |        4330    |         nan    |        1743    |        6633    |           nan |
| Long-Term Leases                  |        2112    |        1913    |        1872    |        1131    |        1359    |        1317    |        1051    |        1070    |        1544    |         nan    |           nan |
| Long-Term Unearned Revenue        |          21    |          16    |          24    |          18    |          17    |          24    |          25    |          26    |         nan    |         nan    |           nan |
| Other Long-Term Liabilities       |         114    |         162    |         141    |         138    |         127    |         160    |          59    |          68    |          29    |         nan    |           nan |
| Total Liabilities                 |        8051    |        7577    |        7466    |        7365    |        7444    |        7244    |        6932    |       12713    |        9950    |        9716    |           nan |
| Common Stock                      |       18399    |       18399    |       18399    |       18399    |       18399    |       18399    |       18399    |       18399    |        6047    |       -1075.71 |           nan |
| Retained Earnings                 |       -6782    |       -6615    |       -6496    |       -6675    |       -6684    |       -6571    |       -6508    |       -7165    |       -7249    |         nan    |           nan |
| Comprensive Income & Other        |         nan    |           5    |          -3    |          -5    |           5    |           4    |           1    |          -1    |          -1    |         nan    |           nan |
| Total Common Equity               |       11617    |       11789    |       11900    |       11719    |       11720    |       11832    |       11892    |       11233    |       -1203    |       -1075.71 |           nan |
| Minority Interest                 |         nan    |         nan    |         nan    |         nan    |         nan    |         nan    |         nan    |           7    |         nan    |         nan    |           nan |
| Shareholders' Equity              |       11617    |       11789    |       11900    |       11719    |       11720    |       11832    |       11892    |       11240    |       -1203    |       -1075.71 |           nan |
| Total Liabilities & Equity        |       19668    |       19366    |       19366    |       19084    |       19164    |       19076    |       18824    |       23953    |        8747    |        8640    |           nan |
| Total Debt                        |        6310    |        5986    |        5655    |        5640    |        5710    |        5842    |        5473    |       10349    |        8626    |        6633    |           nan |
| Net Cash (Debt)                   |       -6192    |       -5904    |       -5541    |       -5524    |       -5508    |       -5763    |       -5353    |       -9879    |       -7892    |       -6209.72 |           nan |
| Net Cash Per Share                |          -3.33 |          -3.18 |          -2.98 |          -2.97 |          -2.96 |          -3.1  |          -2.87 |         -22.15 |         -19.05 |         -14.99 |           nan |
| Filing Date Shares Outstanding    |        1856    |        1856    |        1857    |        1859    |        1859    |        1859    |        1859    |        1859    |        1100    |         414.19 |           nan |
| Total Common Shares Outstanding   |        1856    |        1856    |        1857    |        1859    |        1859    |        1859    |        1859    |        1859    |        1100    |         414.19 |           nan |
| Working Capital                   |        -438    |       -2404    |        -699    |        -365    |        -810    |        -511    |        -773    |       -5255    |       -5207    |       -2259.28 |           nan |
| Book Value Per Share              |           6.26 |           6.35 |           6.41 |           6.3  |           6.3  |           6.36 |           6.4  |           6.04 |          -1.09 |         nan    |           nan |
| Tangible Book Value               |        -530    |        -674    |        -689    |       -1098    |       -1374    |       -1397    |       -1532    |       -1805    |       -5094    |       -1075.71 |           nan |
| Tangible Book Value Per Share     |          -0.29 |          -0.36 |          -0.37 |          -0.59 |          -0.74 |          -0.75 |          -0.82 |          -0.97 |          -4.63 |         nan    |           nan |
| Land                              |          44    |         nan    |          43    |          43    |          43    |          43    |          43    |          42    |         nan    |         nan    |           nan |
| Machinery                         |        5746    |         nan    |        5956    |        6121    |        6359    |        6209    |        6037    |        5781    |        4609    |         nan    |           nan |
| Construction In Progress          |         917    |         nan    |         881    |         701    |         674    |         443    |         416    |         292    |         241    |         nan    |           nan |
| Leasehold Improvements            |         101    |         nan    |          85    |         116    |         116    |         113    |         111    |         nan    |         102    |         nan    |           nan |

## ratio quarterly
| Period Ending            |   Current |   Dec 31, 2023 |   Jun 30, 2023 |   Dec 31, 2022 |   Jun 30, 2022 |   Dec 31, 2021 |   Jun 30, 2021 |   Dec 31, 2020 |   Jun 30, 2020 |   Dec 31, 2019 |   Jun 30, 2019 |   +2 Quarters |
|:-------------------------|----------:|---------------:|---------------:|---------------:|---------------:|---------------:|---------------:|---------------:|---------------:|---------------:|---------------:|--------------:|
| Market Capitalization    |   8629    |        9613    |        9043    |        9092    |       11100    |       10952    |       11639    |       13424    |       16548    |         nan    |         nan    |           nan |
| Market Cap Growth        |      5.72 |           5.72 |         -18.53 |         -16.98 |          -4.63 |         -18.42 |         -29.66 |         nan    |         nan    |         nan    |         nan    |           nan |
| Enterprise Value         |  14821    |       15517    |       14584    |       14616    |       16608    |       16715    |       16992    |       23310    |       24441    |         nan    |         nan    |           nan |
| Last Close Price         |      4.65 |           5.08 |           4.7  |           4.63 |           5.56 |           5.4  |           5.67 |           6.47 |           7.97 |         nan    |         nan    |           nan |
| PE Ratio                 |    178.85 |         196.44 |          22.16 |          16.79 |          51.14 |          91.81 |          14.45 |          12.01 |         -66.16 |         nan    |         nan    |           nan |
| PS Ratio                 |      1.56 |           1.74 |           1.65 |           1.68 |           2.1  |           2.07 |           2.14 |           3.09 |           4.96 |         nan    |         nan    |           nan |
| PB Ratio                 |      0.74 |           0.83 |           0.77 |           0.76 |           0.95 |           0.93 |           0.98 |           1.13 |           1.47 |         nan    |         nan    |           nan |
| P/FCF Ratio              |     14.56 |          14.56 |          16.5  |          17.97 |          11.99 |          10.74 |          12.85 |          17.28 |          18.89 |         nan    |         nan    |           nan |
| P/OCF Ratio              |      6.32 |           6.32 |           6.29 |           7.27 |           6.99 |           6.75 |           8.12 |          11.3  |          13.65 |         nan    |         nan    |           nan |
| EV/Sales Ratio           |      2.68 |           2.8  |           2.65 |           2.7  |           3.14 |           3.16 |           3.12 |           5.36 |           7.33 |         nan    |         nan    |           nan |
| EV/EBITDA Ratio          |      9.29 |          11.08 |          10.54 |          11.13 |          12.97 |          12.71 |          12.39 |          22.46 |          32.33 |         nan    |         nan    |           nan |
| EV/EBIT Ratio            |     38.6  |          40.41 |          38.79 |          47.46 |          72.21 |          62.6  |          49.98 |         101.79 |         150.87 |         nan    |         nan    |           nan |
| EV/FCF Ratio             |     22.46 |          23.51 |          26.61 |          28.89 |          17.94 |          16.39 |          18.76 |          30    |          27.9  |         nan    |         nan    |           nan |
| Debt / Equity Ratio      |      0.54 |           0.54 |           0.51 |           0.48 |           0.48 |           0.49 |           0.49 |           0.46 |           0.92 |          -7.17 |          -6.17 |           nan |
| Debt / EBITDA Ratio      |      3.96 |         nan    |         nan    |         nan    |         nan    |         nan    |         nan    |         nan    |         nan    |         nan    |         nan    |           nan |
| Debt / FCF Ratio         |      9.56 |           9.56 |          10.92 |          11.18 |           6.09 |           5.6  |           6.45 |           7.04 |          11.81 |           8.79 |          34.01 |           nan |
| Inventory Turnover       |     21.26 |         nan    |         nan    |         nan    |         nan    |         nan    |         nan    |         nan    |         nan    |         nan    |         nan    |           nan |
| Quick Ratio              |      0.63 |         nan    |         nan    |         nan    |         nan    |         nan    |         nan    |         nan    |         nan    |         nan    |         nan    |           nan |
| Current Ratio            |      0.75 |         nan    |         nan    |         nan    |         nan    |         nan    |         nan    |         nan    |         nan    |         nan    |         nan    |           nan |
| Earnings Yield           |      0.56 |           0.51 |           4.36 |           5.64 |           1.82 |           1.03 |           6.32 |           5.52 |          -0.27 |         nan    |         nan    |           nan |
| FCF Yield                |      7.65 |           6.87 |           6.06 |           5.57 |           8.34 |           9.31 |           7.78 |           5.79 |           5.29 |         nan    |         nan    |           nan |
| Dividend Yield           |      3.79 |           3.54 |           3.83 |           3.89 |           3.15 |           3.06 |           1.41 |         nan    |         nan    |         nan    |         nan    |           nan |
| Payout Ratio             |    683.67 |         nan    |         nan    |         nan    |         nan    |         nan    |         nan    |         nan    |         nan    |         nan    |         nan    |           nan |
| Buyback Yield / Dilution |      0.05 |          -0.04 |           0.15 |           0.13 |          -0.03 |           0.41 |        -317.13 |        -350.78 |          -7.67 |         nan    |         nan    |           nan |
| Total Shareholder Return |      3.84 |           3.51 |           3.98 |           4.01 |           3.12 |           3.47 |        -315.72 |        -350.78 |          -7.67 |         nan    |         nan    |           nan |

## balance sheet annually
| Year Ending                       |      TTM |   Dec 31, 2023 |   Dec 31, 2022 |   Dec 31, 2021 |   Dec 31, 2020 |   Dec 31, 2019 |   2018 - 2013 |
|:----------------------------------|---------:|---------------:|---------------:|---------------:|---------------:|---------------:|--------------:|
| Cash & Equivalents                |   116    |         116    |         114    |         202    |         120    |         734    |           nan |
| Trading Asset Securities          |     2    |           2    |         nan    |         nan    |         nan    |         nan    |           nan |
| Cash & Short-Term Investments     |   118    |         118    |         114    |         202    |         120    |         734    |           nan |
| Cash Growth                       |     3.51 |           3.51 |         -43.56 |          68.33 |         -83.65 |          14.2  |           nan |
| Accounts Receivable               |   853    |         853    |         607    |         425    |         402    |         345    |           nan |
| Other Receivables                 |   115    |         115    |          74    |          51    |          29    |          46    |           nan |
| Receivables                       |   968    |         968    |         681    |         476    |         431    |         391    |           nan |
| Inventory                         |   117    |         117    |         155    |          95    |          51    |         103    |           nan |
| Prepaid Expenses                  |    81    |          81    |          83    |          60    |          79    |          64    |           nan |
| Other Current Assets              |   nan    |         nan    |         nan    |         nan    |           2    |         130    |           nan |
| Total Current Assets              |  1284    |        1284    |        1033    |         833    |         683    |        1422    |           nan |
| Property, Plant & Equipment       |  5504    |        5504    |        5107    |        4695    |        4270    |        3319    |           nan |
| Long-Term Investments             |     3    |           3    |           2    |         nan    |         nan    |         nan    |           nan |
| Goodwill                          |  8515    |        8515    |        8515    |        8515    |        8568    |        2413    |           nan |
| Other Intangible Assets           |  3632    |        3632    |        4074    |        4579    |        4856    |        1478    |           nan |
| Long-Term Accounts Receivable     |   465    |         465    |         353    |         199    |         104    |          70    |           nan |
| Long-Term Deferred Tax Assets     |   171    |         171    |         183    |         261    |         264    |         nan    |           nan |
| Long-Term Deferred Charges        |    74    |          74    |          74    |          50    |          45    |          38    |           nan |
| Other Long-Term Assets            |    20    |          20    |          25    |          32    |          34    |           7    |           nan |
| Total Assets                      | 19668    |       19668    |       19366    |       19164    |       18824    |        8747    |           nan |
| Accounts Payable                  |  1096    |        1096    |        1113    |        1050    |         872    |         739.61 |           nan |
| Accrued Expenses                  |   106    |         106    |          89    |          99    |          96    |          58.39 |           nan |
| Current Portion of Long-Term Debt |   nan    |         nan    |         nan    |         nan    |         nan    |        5255    |           nan |
| Current Portion of Leases         |   122    |         122    |          93    |          61    |          92    |          84    |           nan |
| Current Unearned Revenue          |   299    |         299    |         288    |         281    |         292    |         145    |           nan |
| Other Current Liabilities         |    99    |          99    |         149    |         152    |         104    |         347    |           nan |
| Total Current Liabilities         |  1722    |        1722    |        1732    |        1643    |        1456    |        6629    |           nan |
| Long-Term Debt                    |  4076    |        4076    |        3690    |        4290    |        4330    |        1743    |           nan |
| Long-Term Leases                  |  2112    |        2112    |        1872    |        1359    |        1051    |        1544    |           nan |
| Long-Term Unearned Revenue        |    21    |          21    |          24    |          17    |          25    |         nan    |           nan |
| Other Long-Term Liabilities       |   114    |         114    |         141    |         127    |          59    |          29    |           nan |
| Total Liabilities                 |  8051    |        8051    |        7466    |        7444    |        6932    |        9950    |           nan |
| Common Stock                      | 18399    |       18399    |       18399    |       18399    |       18399    |        6047    |           nan |
| Retained Earnings                 | -6782    |       -6782    |       -6496    |       -6684    |       -6508    |       -7249    |           nan |
| Comprensive Income & Other        |   nan    |         nan    |          -3    |           5    |           1    |          -1    |           nan |
| Total Common Equity               | 11617    |       11617    |       11900    |       11720    |       11892    |       -1203    |           nan |
| Shareholders' Equity              | 11617    |       11617    |       11900    |       11720    |       11892    |       -1203    |           nan |
| Total Liabilities & Equity        | 19668    |       19668    |       19366    |       19164    |       18824    |        8747    |           nan |
| Total Debt                        |  6310    |        6310    |        5655    |        5710    |        5473    |        8626    |           nan |
| Net Cash (Debt)                   | -6192    |       -6192    |       -5541    |       -5508    |       -5353    |       -7892    |           nan |
| Net Cash Per Share                |    -3.33 |          -3.33 |          -2.98 |          -2.96 |          -4.63 |         -19.05 |           nan |
| Filing Date Shares Outstanding    |  1856    |        1856    |        1857    |        1859    |        1859    |        1100    |           nan |
| Total Common Shares Outstanding   |  1856    |        1856    |        1857    |        1859    |        1859    |        1100    |           nan |
| Working Capital                   |  -438    |        -438    |        -699    |        -810    |        -773    |       -5207    |           nan |
| Book Value Per Share              |     6.26 |           6.26 |           6.41 |           6.3  |           6.4  |          -1.09 |           nan |
| Tangible Book Value               |  -530    |        -530    |        -689    |       -1374    |       -1532    |       -5094    |           nan |
| Tangible Book Value Per Share     |    -0.29 |          -0.29 |          -0.37 |          -0.74 |          -0.82 |          -4.63 |           nan |
| Land                              |    44    |          44    |          43    |          43    |          43    |         nan    |           nan |
| Machinery                         |  5746    |        5746    |        5956    |        6359    |        6037    |        4609    |           nan |
| Construction In Progress          |   917    |         917    |         881    |         674    |         416    |         241    |           nan |
| Leasehold Improvements            |   101    |         101    |          85    |         116    |         111    |         102    |           nan |

