## ratio quarterly
| Period Ending            |   Current |   Dec 31, 2023 |   Jun 30, 2023 |   Dec 31, 2022 |   Jun 30, 2022 |   Dec 31, 2021 |   Jun 30, 2021 |   Dec 31, 2020 |   Jun 30, 2020 |   Dec 31, 2019 |   Jun 30, 2019 |   +2 Quarters |
|:-------------------------|----------:|---------------:|---------------:|---------------:|---------------:|---------------:|---------------:|---------------:|---------------:|---------------:|---------------:|--------------:|
| Market Capitalization    |    330    |         366    |         346    |         330    |         313    |         339    |         241    |         189    |         111    |         123    |         123    |           nan |
| Market Cap Growth        |     11.11 |          11.11 |          10.54 |          -2.66 |          29.86 |          78.88 |         117.72 |          54.02 |          -9.98 |         -25.17 |         -42.33 |           nan |
| Enterprise Value         |    281    |         287    |         273    |         232    |         229    |         278    |         197    |         159    |          95    |          92    |          96    |           nan |
| Last Close Price         |      1.98 |           2.14 |           1.97 |           1.8  |           1.64 |           1.71 |           1.17 |           0.92 |           0.53 |           0.57 |           0.55 |           nan |
| PE Ratio                 |     11.53 |          12.48 |          12.01 |           9.34 |           7.92 |          10.11 |           8.98 |          11.54 |         -11.1  |         -11.78 |          13.23 |           nan |
| PS Ratio                 |      0.79 |           0.9  |           0.63 |           0.48 |           0.48 |           0.65 |           0.61 |           0.62 |           0.49 |           0.66 |           0.67 |           nan |
| PB Ratio                 |      5.59 |           6.29 |           5.79 |           5.59 |           5.03 |           5.99 |           4.66 |           5.19 |           3.19 |           3.78 |           2.65 |           nan |
| P/FCF Ratio              |     32.24 |          32.24 |          33.51 |          18.6  |           4.73 |           4.93 |           5.04 |           5.42 |          10.83 |          42.4  |           5.19 |           nan |
| P/OCF Ratio              |     26.98 |          26.98 |          25.18 |          15.35 |           4.48 |           4.74 |           4.87 |           5.18 |           9.84 |          33.6  |           4.98 |           nan |
| EV/Sales Ratio           |      0.69 |           0.71 |           0.49 |           0.34 |           0.35 |           0.54 |           0.5  |           0.52 |           0.42 |           0.49 |           0.53 |           nan |
| EV/EBITDA Ratio          |      6.22 |           6.65 |           7.17 |           5.67 |           4.52 |           5.86 |           6.08 |           8.24 |         -10.5  |          -7.2  |           9.89 |           nan |
| EV/EBIT Ratio            |      7.19 |           7.31 |           7.94 |           6.14 |           4.82 |           6.19 |           6.37 |           8.89 |          -9.05 |          -6.48 |          11.51 |           nan |
| EV/FCF Ratio             |     24.78 |          25.31 |          26.44 |          13.09 |           3.46 |           4.05 |           4.12 |           4.56 |           9.27 |          31.74 |           4.06 |           nan |
| Debt / Equity Ratio      |      0.17 |           0.17 |           0.12 |           0.18 |           0.07 |           0.17 |           0.16 |           0.25 |           0.22 |           0.15 |           0.01 |           nan |
| Debt / EBITDA Ratio      |      0.22 |         nan    |         nan    |         nan    |         nan    |         nan    |         nan    |         nan    |         nan    |         nan    |         nan    |           nan |
| Debt / FCF Ratio         |      0.9  |           0.9  |           0.7  |           0.59 |           0.06 |           0.14 |           0.17 |           0.26 |           0.73 |           1.63 |           0.02 |           nan |
| Inventory Turnover       |   3424.3  |         nan    |         nan    |         nan    |         nan    |         nan    |         nan    |         nan    |         nan    |         nan    |         nan    |           nan |
| Quick Ratio              |      1.09 |         nan    |         nan    |         nan    |         nan    |         nan    |         nan    |         nan    |         nan    |         nan    |         nan    |           nan |
| Current Ratio            |      1.16 |         nan    |         nan    |         nan    |         nan    |         nan    |         nan    |         nan    |         nan    |         nan    |         nan    |           nan |
| Earnings Yield           |      8.67 |           7.87 |           7.95 |          10    |          11.1  |           8.04 |           8.72 |           6.58 |          -6.55 |          -6    |           5.31 |           nan |
| FCF Yield                |      3.45 |           3.1  |           2.98 |           5.38 |          21.14 |          20.27 |          19.85 |          18.44 |           9.23 |           2.36 |          19.28 |           nan |
| Dividend Yield           |      9.64 |           8.89 |           9.63 |          10.53 |          11.56 |           9.38 |          10.22 |           9.77 |          11.42 |           7.03 |          10.82 |           nan |
| Payout Ratio             |    107.71 |         nan    |         nan    |         nan    |         nan    |         nan    |         nan    |         nan    |         nan    |         nan    |         nan    |           nan |
| Buyback Yield / Dilution |      0.99 |          -1.12 |           3.02 |          -4.31 |          -6.24 |          -1.51 |          -6.19 |          -2.38 |           0.8  |           2.14 |           0.62 |           nan |
| Total Shareholder Return |     10.64 |           7.78 |          12.65 |           6.22 |           5.32 |           7.87 |           4.04 |           7.39 |          12.22 |           9.17 |          11.43 |           nan |

## balance sheet annually
| Year Ending                     |    TTM |   Jun 30, 2023 |   Jun 30, 2022 |   Jun 30, 2021 |   Jun 30, 2020 |   Jun 30, 2019 |   2018 - 2013 |
|:--------------------------------|-------:|---------------:|---------------:|---------------:|---------------:|---------------:|--------------:|
| Cash & Equivalents              |  58.35 |          86.02 |         101.99 |          68.97 |          37.53 |          31.43 |           nan |
| Cash & Short-Term Investments   |  58.35 |          86.02 |         101.99 |          68.97 |          37.53 |          31.43 |           nan |
| Cash Growth                     | -30.04 |         -15.66 |          47.88 |          83.79 |          19.39 |          44.51 |           nan |
| Accounts Receivable             |  58.69 |          50.78 |          90.27 |          51.1  |          38.42 |          35.13 |           nan |
| Other Receivables               |   1.53 |           1.47 |           2.72 |           0.82 |           0.46 |           1.94 |           nan |
| Receivables                     |  61.57 |          52.8  |          93    |          51.92 |          38.88 |          37.07 |           nan |
| Inventory                       |   0.06 |           0.05 |           0.05 |           0.03 |           0.02 |           0.29 |           nan |
| Prepaid Expenses                | nan    |           3.79 |           2.57 |           1.38 |           1.37 |           1.08 |           nan |
| Other Current Assets            |   5.56 |           0.94 |           0.27 |           0.23 |         nan    |         nan    |           nan |
| Total Current Assets            | 125.54 |         143.6  |         197.88 |         122.54 |          77.8  |          69.88 |           nan |
| Property, Plant & Equipment     |  12.93 |          12.59 |           8.36 |           8.67 |           6.37 |           3.38 |           nan |
| Long-Term Investments           |   1.27 |           2.29 |           0.74 |           2.19 |           5.26 |           7.88 |           nan |
| Goodwill                        | nan    |          13.79 |          13.68 |          13.47 |           2.58 |         nan    |           nan |
| Other Intangible Assets         |  21.7  |           8.59 |           9.33 |          10.24 |           1.82 |         nan    |           nan |
| Long-Term Accounts Receivable   | nan    |           8.02 |         nan    |         nan    |         nan    |         nan    |           nan |
| Long-Term Deferred Tax Assets   |   4.32 |           0.87 |           1.88 |           0.29 |           4.16 |           0.45 |           nan |
| Total Assets                    | 173.06 |         189.75 |         231.86 |         157.4  |          97.99 |          81.59 |           nan |
| Accounts Payable                |  42.18 |          37    |          76    |          38.64 |          24.26 |          18.33 |           nan |
| Accrued Expenses                | nan    |          17.66 |          21.42 |          19.26 |          19.1  |           8.54 |           nan |
| Short-Term Debt                 | nan    |         nan    |         nan    |           2.42 |           3.4  |         nan    |           nan |
| Current Portion of Leases       |   5    |           2.26 |           1.58 |           2.3  |           1.58 |           0.5  |           nan |
| Current Income Taxes Payable    |   6.05 |           1.26 |           4.25 |           3.49 |         nan    |         nan    |           nan |
| Current Unearned Revenue        |  33.02 |          51.11 |          46.25 |          18.44 |           1.4  |           1.8  |           nan |
| Other Current Liabilities       |  22.14 |          13.72 |          15.12 |          15.51 |          10.37 |           4.66 |           nan |
| Total Current Liabilities       | 108.39 |         123.01 |         164.61 |         100.04 |          60.12 |          33.83 |           nan |
| Long-Term Leases                |   5.17 |           4.97 |           2.68 |           3.54 |           2.47 |           0.05 |           nan |
| Other Long-Term Liabilities     |   1.25 |           2.03 |           2.41 |           2.18 |           0.71 |           1.3  |           nan |
| Total Liabilities               | 114.81 |         130.02 |         169.7  |         105.76 |          63.31 |          35.18 |           nan |
| Common Stock                    |  42.48 |          40.03 |          39.89 |          39.14 |          30.59 |          30.56 |           nan |
| Retained Earnings               |  14.95 |          17.01 |          20.21 |          11.17 |           1.9  |          15    |           nan |
| Comprensive Income & Other      |   0.82 |           2.7  |           2.06 |           1.33 |           2.19 |           0.85 |           nan |
| Shareholders' Equity            |  58.25 |          59.73 |          62.16 |          51.64 |          34.68 |          46.42 |           nan |
| Total Liabilities & Equity      | 173.06 |         189.75 |         231.86 |         157.4  |          97.99 |          81.59 |           nan |
| Total Debt                      |  10.17 |           7.23 |           4.26 |           8.26 |           7.46 |           0.55 |           nan |
| Net Cash (Debt)                 |  48.18 |          78.79 |          97.74 |          60.72 |          30.07 |          30.88 |           nan |
| Net Cash Growth                 | -33.94 |         -19.39 |          60.97 |         101.92 |          -2.63 |          45.08 |           nan |
| Net Cash Per Share              |   0.29 |           0.47 |           0.59 |           0.38 |           0.2  |           0.2  |           nan |
| Filing Date Shares Outstanding  | 164.96 |         161.57 |         161.57 |         160.88 |         153.65 |         153.62 |           nan |
| Total Common Shares Outstanding | 164.96 |         161.57 |         161.23 |         160.58 |         153.65 |         153.62 |           nan |
| Working Capital                 |  17.15 |          20.58 |          33.27 |          22.49 |          17.68 |          36.06 |           nan |
| Book Value Per Share            |   0.35 |           0.37 |           0.39 |           0.32 |           0.23 |           0.3  |           nan |
| Tangible Book Value             |  36.56 |          37.35 |          39.16 |          27.93 |          30.28 |          46.42 |           nan |
| Tangible Book Value Per Share   |   0.22 |           0.23 |           0.24 |           0.17 |           0.2  |           0.3  |           nan |
| Machinery                       | nan    |          21.27 |          18.13 |          15.28 |          13.1  |          13.26 |           nan |

## cash flow annually
| Year Ending                          |    TTM |   Jun 30, 2023 |   Jun 30, 2022 |   Jun 30, 2021 |   Jun 30, 2020 |   Jun 30, 2019 |   2018 - 2013 |
|:-------------------------------------|-------:|---------------:|---------------:|---------------:|---------------:|---------------:|--------------:|
| Net Income                           |  28.81 |          27.49 |          34.72 |          21.01 |          -7.25 |           6.53 |           nan |
| Depreciation & Amortization          |   6.1  |           5.99 |           5.27 |           3.16 |           2.75 |           1.44 |           nan |
| Loss (Gain) From Sale of Assets      |  -0.01 |          -0.01 |          -0.02 |           0.01 |           0.04 |           0.05 |           nan |
| Loss (Gain) From Sale of Investments |  -3.22 |          -3.22 |         nan    |         nan    |          -0.71 |         nan    |           nan |
| Stock-Based Compensation             |   1.82 |           1.82 |           1.02 |           0.67 |           0.83 |           0.62 |           nan |
| Provision & Write-off of Bad Debts   |  -0.09 |          -0.09 |         nan    |         nan    |         nan    |           0.26 |           nan |
| Other Operating Activities           |  -8.48 |          -6.89 |           0.06 |           0.41 |           0.04 |          -4.67 |           nan |
| Change in Accounts Receivable        |  30.28 |          30.28 |         -35.1  |         -14.9  |           4.2  |          15.48 |           nan |
| Change in Inventory                  |   0    |           0    |          -0.02 |          -0.09 |           0.27 |          -0.63 |           nan |
| Change in Accounts Payable           | -44.7  |         -44.7  |          35.29 |          13.82 |          19.03 |          10.83 |           nan |
| Change in Unearned Revenue           |   4.86 |           4.86 |          23.31 |          19    |          -7.17 |          -0.08 |           nan |
| Change in Income Taxes               |  -2.99 |          -2.99 |           0.16 |           2.57 |           2.1  |          -1.98 |           nan |
| Change in Other Net Operating Assets |   0.16 |           0.16 |           5.77 |           1.96 |           1.74 |          -5.88 |           nan |
| Operating Cash Flow                  |  13.58 |          13.73 |          69.75 |          49.5  |          11.24 |          24.68 |           nan |
| Operating Cash Flow Growth           | -36.76 |         -80.31 |          40.91 |         340.37 |         -54.46 |         nan    |           nan |
| Capital Expenditures                 |  -2.22 |          -3.41 |          -3.61 |          -1.69 |          -1.03 |          -0.99 |           nan |
| Sale of Property, Plant & Equipment  |  -0.01 |           0.01 |           0.02 |           0    |           0.06 |         nan    |           nan |
| Cash Acquisitions                    | nan    |         nan    |          -1.05 |          -5.89 |          -3.4  |         nan    |           nan |
| Investment in Securities             |  -1.05 |           7.66 |           0.65 |           6.11 |           4.04 |         nan    |           nan |
| Investing Cash Flow                  |  -3.27 |           4.25 |          -3.99 |          -1.47 |          -0.33 |          -0.99 |           nan |
| Short-Term Debt Issued               | nan    |         nan    |         nan    |         nan    |           3.4  |         nan    |           nan |
| Total Debt Issued                    | nan    |         nan    |         nan    |         nan    |           3.4  |         nan    |           nan |
| Short-Term Debt Repaid               | nan    |         nan    |         nan    |          -0.98 |         nan    |         nan    |           nan |
| Long-Term Debt Repaid                | nan    |          -2.24 |          -7.36 |          -1.4  |          -2.21 |          -0.31 |           nan |
| Total Debt Repaid                    |  -2.75 |          -2.24 |          -7.36 |          -2.39 |          -2.21 |          -0.31 |           nan |
| Net Debt Issued (Repaid)             |  -2.75 |          -2.24 |          -7.36 |          -2.39 |           1.2  |          -0.31 |           nan |
| Common Dividends Paid                | -31.04 |         -30.7  |         -25.77 |         -13.96 |          -6.14 |         -13.81 |           nan |
| Other Financing Activities           |  -0.46 |          -0.46 |          -0.33 |          -0.3  |         nan    |         nan    |           nan |
| Financing Cash Flow                  | -34.24 |         -33.4  |         -33.46 |         -16.65 |          -4.95 |         -14.13 |           nan |
| Foreign Exchange Rate Adjustments    |  -1.11 |          -0.56 |           0.73 |           0.07 |           0.14 |           0.12 |           nan |
| Net Cash Flow                        | -25.05 |         -15.97 |          33.02 |          31.44 |           6.1  |           9.68 |           nan |
| Free Cash Flow                       |  11.36 |          10.32 |          66.13 |          47.81 |          10.21 |          23.69 |           nan |
| Free Cash Flow Growth                | -35.9  |         -84.4  |          38.33 |         368.15 |         -56.89 |         nan    |           nan |
| Free Cash Flow Margin                |   2.79 |           1.87 |          10.15 |          12.16 |           4.53 |          12.97 |           nan |
| Free Cash Flow Per Share             |   0.07 |           0.06 |           0.4  |           0.3  |           0.07 |           0.15 |           nan |
| Cash Interest Paid                   |   0.46 |           0.46 |           0.33 |           0.3  |         nan    |         nan    |           nan |
| Cash Income Tax Paid                 |  10.71 |          14.22 |          16.15 |           4.93 |           0.11 |           1.5  |           nan |
| Levered Free Cash Flow               |  17.06 |          21.48 |          57.56 |          48.16 |          15.83 |          25.18 |           nan |
| Unlevered Free Cash Flow             |  17.39 |          21.77 |          57.79 |          48.4  |          16.01 |          25.21 |           nan |
| Change in Net Working Capital        |  13.12 |           3.98 |         -25.39 |         -26.9  |         -19.99 |         -18.92 |           nan |

## cash flow quarterly
| Period Ending                        |   Dec 31, 2023 |   Jun 30, 2023 |   Dec 31, 2022 |   Jun 30, 2022 |   Dec 31, 2021 |   Jun 30, 2021 |   Dec 31, 2020 |   Jun 30, 2020 |   Dec 31, 2019 |   Jun 30, 2019 |   +2 Quarters |
|:-------------------------------------|---------------:|---------------:|---------------:|---------------:|---------------:|---------------:|---------------:|---------------:|---------------:|---------------:|--------------:|
| Net Income                           |          14.3  |          14.52 |          12.97 |          19.99 |          14.74 |          12.48 |           8.53 |           3.92 |         -11.17 |           3.8  |           nan |
| Depreciation & Amortization          |           3.11 |           2.98 |           3    |           2.63 |           2.64 |           1.71 |           1.45 |           1.42 |           1.32 |           0.74 |           nan |
| Loss (Gain) From Sale of Assets      |         nan    |          -0.01 |         nan    |          -0.02 |         nan    |           0.01 |         nan    |           0.04 |         nan    |           0.05 |           nan |
| Loss (Gain) From Sale of Investments |         nan    |          -3.22 |         nan    |         nan    |         nan    |         nan    |         nan    |          -0.71 |         nan    |         nan    |           nan |
| Stock-Based Compensation             |         nan    |           1.82 |         nan    |           1.02 |         nan    |           0.67 |         nan    |           0.83 |         nan    |           0.62 |           nan |
| Provision & Write-off of Bad Debts   |         nan    |          -0.09 |         nan    |         nan    |         nan    |         nan    |         nan    |         nan    |         nan    |           0.26 |           nan |
| Other Operating Activities           |         -26.18 |          17.7  |         -24.59 |         -22.24 |          22.29 |          -7.37 |           7.78 |          -2.28 |           2.31 |         -14.72 |           nan |
| Change in Accounts Receivable        |         nan    |          30.28 |         nan    |         -35.1  |         nan    |         -14.9  |         nan    |           4.2  |         nan    |          15.48 |           nan |
| Change in Inventory                  |         nan    |           0    |         nan    |          -0.02 |         nan    |          -0.09 |         nan    |           0.27 |         nan    |          -0.63 |           nan |
| Change in Accounts Payable           |         nan    |         -44.7  |         nan    |          35.29 |         nan    |          13.82 |         nan    |          19.03 |         nan    |          10.83 |           nan |
| Change in Unearned Revenue           |         nan    |           4.86 |         nan    |          23.31 |         nan    |          19    |         nan    |          -7.17 |         nan    |          -0.08 |           nan |
| Change in Income Taxes               |         nan    |          -2.99 |         nan    |           0.16 |         nan    |           2.57 |         nan    |           2.1  |         nan    |          -1.98 |           nan |
| Change in Other Net Operating Assets |         nan    |           0.16 |         nan    |           5.77 |         nan    |           1.96 |         nan    |           1.74 |         nan    |          -5.88 |           nan |
| Operating Cash Flow                  |          -8.77 |          22.34 |          -8.61 |          30.08 |          39.67 |          31.74 |          17.76 |          18.78 |          -7.54 |          11.19 |           nan |
| Operating Cash Flow Growth           |         nan    |         -25.72 |         nan    |          -5.24 |         123.41 |          69.04 |         nan    |          67.73 |         nan    |         nan    |           nan |
| Capital Expenditures                 |          -0.99 |          -1.23 |          -2.18 |          -1.56 |          -2.05 |          -0.73 |          -0.96 |          -0.67 |          -0.36 |          -0.4  |           nan |
| Sale of Property, Plant & Equipment  |         nan    |          -0.01 |           0.01 |           0    |           0.02 |           0    |         nan    |           0.06 |         nan    |          -0.03 |           nan |
| Cash Acquisitions                    |         nan    |         nan    |         nan    |         nan    |          -1.05 |          -5.89 |         nan    |          -3.4  |         nan    |         nan    |           nan |
| Investment in Securities             |           0.45 |          -1.5  |           9.16 |           0.31 |           0.34 |           0.41 |           5.7  |           2.62 |           1.42 |         nan    |           nan |
| Investing Cash Flow                  |          -0.54 |          -2.74 |           6.99 |          -1.26 |          -2.74 |          -6.21 |           4.74 |          -1.39 |           1.06 |          -0.43 |           nan |
| Total Debt Issued                    |         nan    |         nan    |         nan    |         nan    |         nan    |         nan    |         nan    |           3.4  |         nan    |         nan    |           nan |
| Long-Term Debt Repaid                |          -1.69 |         nan    |          -1.19 |         nan    |          -1.36 |         nan    |          -0.9  |         nan    |          -1.07 |         nan    |           nan |
| Total Debt Repaid                    |          -1.69 |          -1.05 |          -1.19 |          -6    |          -1.36 |          -1.49 |          -0.9  |          -1.14 |          -1.07 |          -0.1  |           nan |
| Net Debt Issued (Repaid)             |          -1.69 |          -1.05 |          -1.19 |          -6    |          -1.36 |          -1.49 |          -0.9  |           2.26 |          -1.07 |          -0.1  |           nan |
| Common Dividends Paid                |         -16.5  |         -14.54 |         -16.16 |         -14.51 |         -11.26 |          -7.76 |          -6.21 |          -3.07 |          -3.07 |          -6.14 |           nan |
| Other Financing Activities           |         nan    |          -0.46 |         nan    |          -0.33 |         nan    |          -0.3  |         nan    |         nan    |         nan    |         nan    |           nan |
| Financing Cash Flow                  |         -18.19 |         -16.05 |         -17.34 |         -20.84 |         -12.62 |          -9.55 |          -7.11 |          -0.81 |          -4.14 |          -6.24 |           nan |
| Foreign Exchange Rate Adjustments    |          -0.18 |          -0.94 |           0.38 |           0.45 |           0.28 |           0.2  |          -0.13 |           0.22 |          -0.08 |           0.03 |           nan |
| Net Cash Flow                        |         -27.67 |           2.62 |         -18.59 |           8.43 |          24.59 |          16.18 |          15.26 |          16.79 |         -10.69 |           4.55 |           nan |
| Free Cash Flow                       |          -9.75 |          21.11 |         -10.79 |          28.51 |          37.62 |          31.01 |          16.8  |          18.11 |          -7.89 |          10.79 |           nan |
| Free Cash Flow Growth                |         nan    |         -25.96 |         nan    |          -8.05 |         123.93 |          71.25 |         nan    |          67.76 |         nan    |         nan    |           nan |
| Free Cash Flow Margin                |          -5.21 |           9.62 |          -3.25 |           8.16 |          12.45 |          14.31 |           9.53 |          13.91 |          -8.28 |          11.82 |           nan |
| Free Cash Flow Per Share             |          -0.06 |           0.13 |          -0.06 |           0.16 |           0.24 |           0.19 |           0.11 |           0.12 |          -0.05 |           0.07 |           nan |
| Cash Interest Paid                   |         nan    |           0.46 |         nan    |           0.33 |         nan    |           0.3  |         nan    |         nan    |         nan    |         nan    |           nan |
| Cash Income Tax Paid                 |           4.56 |           6.15 |           8.06 |           6.54 |           9.61 |           3.16 |           1.77 |         nan    |           2.56 |           0.34 |           nan |
| Levered Free Cash Flow               |         -12.39 |          29.57 |          -7.97 |          22.97 |          34.6  |          36.78 |          11.38 |          19.42 |          -3.6  |          14.34 |           nan |
| Unlevered Free Cash Flow             |         -12.23 |          29.75 |          -7.85 |          23.07 |          34.72 |          36.91 |          11.49 |          19.53 |          -3.53 |          14.36 |           nan |

## balance sheet quarterly
| Period Ending                   |   Dec 31, 2023 |   Jun 30, 2023 |   Dec 31, 2022 |   Jun 30, 2022 |   Dec 31, 2021 |   Jun 30, 2021 |   Dec 31, 2020 |   Jun 30, 2020 |   Dec 31, 2019 |   Jun 30, 2019 |   +2 Quarters |
|:--------------------------------|---------------:|---------------:|---------------:|---------------:|---------------:|---------------:|---------------:|---------------:|---------------:|---------------:|--------------:|
| Cash & Equivalents              |          58.35 |          86.02 |          83.41 |         101.99 |          93.56 |          68.97 |          52.79 |          37.53 |          20.74 |          31.43 |           nan |
| Cash & Short-Term Investments   |          58.35 |          86.02 |          83.41 |         101.99 |          93.56 |          68.97 |          52.79 |          37.53 |          20.74 |          31.43 |           nan |
| Cash Growth                     |         -30.04 |         -15.66 |         -10.85 |          47.88 |          77.23 |          83.79 |         154.54 |          19.39 |         -22.84 |          44.51 |           nan |
| Accounts Receivable             |          58.69 |          50.78 |          71.48 |          90.27 |         105.49 |          51.1  |          53.08 |          38.42 |          27.22 |          35.13 |           nan |
| Other Receivables               |           1.53 |           1.47 |           1.68 |           2.72 |           2.58 |           0.82 |           0.22 |           0.46 |           4.03 |           1.94 |           nan |
| Receivables                     |          61.57 |          52.8  |          73.16 |          93    |         108.06 |          51.92 |          53.29 |          38.88 |          31.26 |          37.07 |           nan |
| Inventory                       |           0.06 |           0.05 |           0.05 |           0.05 |           0.04 |           0.03 |           0.02 |           0.02 |           0.29 |           0.29 |           nan |
| Prepaid Expenses                |         nan    |           3.79 |         nan    |           2.57 |         nan    |           1.38 |         nan    |           1.37 |         nan    |           1.08 |           nan |
| Other Current Assets            |           5.56 |           0.94 |           5.89 |           0.27 |           5.04 |           0.23 |           3.15 |         nan    |           2.79 |         nan    |           nan |
| Total Current Assets            |         125.54 |         143.6  |         162.5  |         197.88 |         206.71 |         122.54 |         109.26 |          77.8  |          55.08 |          69.88 |           nan |
| Property, Plant & Equipment     |          12.93 |          12.59 |          12.46 |           8.36 |           8.55 |           8.67 |           6.33 |           6.37 |           5.62 |           3.38 |           nan |
| Long-Term Investments           |           1.27 |           2.29 |           1.63 |           0.74 |           2.04 |           2.19 |           1.38 |           5.26 |           6.95 |           7.88 |           nan |
| Goodwill                        |         nan    |          13.79 |         nan    |          13.68 |         nan    |          13.47 |         nan    |           2.58 |         nan    |         nan    |           nan |
| Other Intangible Assets         |          21.7  |           8.59 |          22.65 |           9.33 |          23.27 |          10.24 |           3.86 |           1.82 |         nan    |         nan    |           nan |
| Long-Term Accounts Receivable   |         nan    |           8.02 |         nan    |         nan    |         nan    |         nan    |         nan    |         nan    |         nan    |         nan    |           nan |
| Long-Term Deferred Tax Assets   |           4.32 |           0.87 |           0.43 |           1.88 |           1.33 |           0.29 |           2.32 |           4.16 |           7.1  |           0.45 |           nan |
| Other Long-Term Assets          |         nan    |         nan    |          -0    |         nan    |         nan    |         nan    |         nan    |         nan    |         nan    |         nan    |           nan |
| Total Assets                    |         173.06 |         189.75 |         199.67 |         231.86 |         241.9  |         157.4  |         123.15 |          97.99 |          74.75 |          81.59 |           nan |
| Accounts Payable                |          42.18 |          37    |          83.2  |          76    |         103.29 |          38.64 |          57.74 |          24.26 |          26.38 |          18.33 |           nan |
| Accrued Expenses                |         nan    |          17.66 |         nan    |          21.42 |         nan    |          19.26 |         nan    |          19.1  |         nan    |           8.54 |           nan |
| Short-Term Debt                 |         nan    |         nan    |         nan    |         nan    |           7.03 |           2.42 |           6.67 |           3.4  |         nan    |         nan    |           nan |
| Current Portion of Leases       |           5    |           2.26 |           4.83 |           1.58 |         nan    |           2.3  |         nan    |           1.58 |           2.98 |           0.5  |           nan |
| Current Income Taxes Payable    |           6.05 |           1.26 |         nan    |           4.25 |           1.76 |           3.49 |         nan    |         nan    |         nan    |         nan    |           nan |
| Current Unearned Revenue        |          33.02 |          51.11 |          29.13 |          46.25 |          54.24 |          18.44 |           9.43 |           1.4  |           2.37 |           1.8  |           nan |
| Other Current Liabilities       |          22.14 |          13.72 |          16.09 |          15.12 |          14.45 |          15.51 |           8.87 |          10.37 |           7.29 |           4.66 |           nan |
| Total Current Liabilities       |         108.39 |         123.01 |         133.25 |         164.61 |         180.78 |         100.04 |          82.72 |          60.12 |          39.03 |          33.83 |           nan |
| Long-Term Leases                |           5.17 |           4.97 |           5.64 |           2.68 |           2.78 |           3.54 |           2.44 |           2.47 |           1.76 |           0.05 |           nan |
| Other Long-Term Liabilities     |           1.25 |           2.03 |           1.79 |           2.41 |           1.86 |           2.18 |           1.55 |           0.71 |           1.48 |           1.3  |           nan |
| Total Liabilities               |         114.81 |         130.02 |         140.67 |         169.7  |         185.42 |         105.76 |          86.7  |          63.31 |          42.27 |          35.18 |           nan |
| Common Stock                    |          42.48 |          40.03 |          40.03 |          39.89 |          39.89 |          39.14 |          32.14 |          30.59 |          30.56 |          30.56 |           nan |
| Retained Earnings               |          14.95 |          17.01 |          17.03 |          20.21 |          14.64 |          11.17 |           4.22 |           1.9  |           0.76 |          15    |           nan |
| Comprensive Income & Other      |           0.82 |           2.7  |           1.94 |           2.06 |           1.95 |           1.33 |           0.08 |           2.19 |           1.17 |           0.85 |           nan |
| Shareholders' Equity            |          58.25 |          59.73 |          59    |          62.16 |          56.48 |          51.64 |          36.45 |          34.68 |          32.48 |          46.42 |           nan |
| Total Liabilities & Equity      |         173.06 |         189.75 |         199.67 |         231.86 |         241.9  |         157.4  |         123.15 |          97.99 |          74.75 |          81.59 |           nan |
| Total Debt                      |          10.17 |           7.23 |          10.46 |           4.26 |           9.82 |           8.26 |           9.11 |           7.46 |           4.74 |           0.55 |           nan |
| Net Cash (Debt)                 |          48.18 |          78.79 |          72.94 |          97.74 |          83.75 |          60.72 |          43.68 |          30.07 |          16    |          30.88 |           nan |
| Net Cash Growth                 |         -33.94 |         -19.39 |         -12.9  |          60.97 |          91.73 |         101.92 |         172.95 |          -2.63 |         -39.85 |          45.08 |           nan |
| Net Cash Per Share              |           0.29 |           0.47 |           0.44 |           0.56 |           0.53 |           0.37 |           0.28 |           0.2  |           0.1  |           0.2  |           nan |
| Filing Date Shares Outstanding  |         164.96 |         161.57 |         161.57 |         161.57 |         161.23 |         160.88 |         155.15 |         153.65 |         153.62 |         153.62 |           nan |
| Total Common Shares Outstanding |         164.96 |         161.57 |         161.57 |         161.23 |         161.23 |         160.58 |         155.15 |         153.65 |         153.62 |         153.62 |           nan |
| Working Capital                 |          17.15 |          20.58 |          29.25 |          33.27 |          25.93 |          22.49 |          26.54 |          17.68 |          16.05 |          36.06 |           nan |
| Book Value Per Share            |           0.35 |           0.37 |           0.37 |           0.39 |           0.35 |           0.32 |           0.23 |           0.23 |           0.21 |           0.3  |           nan |
| Tangible Book Value             |          36.56 |          37.35 |          36.35 |          39.16 |          33.21 |          27.93 |          32.59 |          30.28 |          32.48 |          46.42 |           nan |
| Tangible Book Value Per Share   |           0.22 |           0.23 |           0.23 |           0.24 |           0.21 |           0.17 |           0.21 |           0.2  |           0.21 |           0.3  |           nan |
| Machinery                       |         nan    |          21.27 |         nan    |          18.13 |         nan    |          15.28 |         nan    |          13.1  |         nan    |          13.26 |           nan |

## ratio annually
| Year Ending              |   Current |   Jun 30, 2023 |   Jun 30, 2022 |   Jun 30, 2021 |   Jun 30, 2020 |   Jun 30, 2019 |   2018 - 2013 |
|:-------------------------|----------:|---------------:|---------------:|---------------:|---------------:|---------------:|--------------:|
| Market Capitalization    |    330    |         346    |         313    |         241    |         111    |         123    |           nan |
| Market Cap Growth        |     11.11 |          10.54 |          29.86 |         117.72 |          -9.98 |         -42.33 |           nan |
| Enterprise Value         |    281    |         273    |         229    |         197    |          95    |          96    |           nan |
| Last Close Price         |      1.98 |           1.97 |           1.64 |           1.17 |           0.53 |           0.55 |           nan |
| PE Ratio                 |     11.53 |          12    |           7.88 |           8.95 |         -11.13 |          13.24 |           nan |
| PS Ratio                 |      0.79 |           0.63 |           0.48 |           0.61 |           0.49 |           0.67 |           nan |
| PB Ratio                 |      5.59 |           5.79 |           5.03 |           4.66 |           3.19 |           2.65 |           nan |
| P/FCF Ratio              |     32.24 |          33.51 |           4.73 |           5.04 |          10.83 |           5.19 |           nan |
| P/OCF Ratio              |     26.98 |          25.18 |           4.48 |           4.87 |           9.84 |           4.98 |           nan |
| EV/Sales Ratio           |      0.69 |           0.49 |           0.35 |           0.5  |           0.42 |           0.53 |           nan |
| EV/EBITDA Ratio          |      6.22 |           7.21 |           4.52 |           6.08 |         -10.5  |           9.89 |           nan |
| EV/EBIT Ratio            |      7.19 |           7.99 |           4.82 |           6.37 |          -9.05 |          11.51 |           nan |
| EV/FCF Ratio             |     24.78 |          26.44 |           3.46 |           4.12 |           9.27 |           4.06 |           nan |
| Debt / Equity Ratio      |      0.17 |           0.12 |           0.07 |           0.16 |           0.22 |           0.01 |           nan |
| Debt / EBITDA Ratio      |      0.22 |           0.18 |           0.08 |           0.24 |         nan    |           0.06 |           nan |
| Debt / FCF Ratio         |      0.9  |           0.7  |           0.06 |           0.17 |           0.73 |           0.02 |           nan |
| Asset Turnover           |      2.18 |           2.62 |           3.35 |           3.08 |           2.51 |           2.2  |           nan |
| Inventory Turnover       |   3424.3  |        6994.04 |       10417.4  |        8242.69 |         808.99 |          24.74 |           nan |
| Quick Ratio              |      1.09 |           1.12 |           1.18 |           1.21 |           1.27 |           2.03 |           nan |
| Current Ratio            |      1.16 |           1.17 |           1.2  |           1.22 |           1.29 |           2.07 |           nan |
| Return on Equity (ROE)   |     49.15 |          45.11 |          61.02 |          48.68 |         -17.88 |          13.21 |           nan |
| Return on Assets (ROA)   |     13.12 |          10.13 |          15.27 |          15.16 |          -7.27 |           6.29 |           nan |
| Return on Capital (ROIC) |     35.47 |          32.01 |          47.06 |          37.95 |         -14.66 |          10.47 |           nan |
| Earnings Yield           |      8.67 |           7.95 |          11.1  |           8.72 |          -6.55 |           5.31 |           nan |
| FCF Yield                |      3.45 |           2.98 |          21.14 |          19.85 |           9.23 |          19.28 |           nan |
| Dividend Yield           |      9.64 |           9.63 |          11.56 |          10.22 |          11.42 |          10.82 |           nan |
| Payout Ratio             |    107.71 |         111.66 |          74.23 |          66.46 |         nan    |         211.56 |           nan |
| Buyback Yield / Dilution |      0.99 |          -0.49 |          -3.92 |          -4.29 |           1.47 |           0.26 |           nan |
| Total Shareholder Return |     10.64 |           9.14 |           7.64 |           5.94 |          12.89 |          11.07 |           nan |

## income quarterly
| Period Ending                         |   Dec 31, 2023 |   Jun 30, 2023 |   Dec 31, 2022 |   Jun 30, 2022 |   Dec 31, 2021 |   Jun 30, 2021 |   Dec 31, 2020 |   Jun 30, 2020 |   Dec 31, 2019 |   Jun 30, 2019 |   +2 Quarters |
|:--------------------------------------|---------------:|---------------:|---------------:|---------------:|---------------:|---------------:|---------------:|---------------:|---------------:|---------------:|--------------:|
| Operating Revenue                     |         187.27 |         219.45 |         331.91 |         349.37 |         302.3  |         216.05 |         176.34 |         127.09 |          95.31 |          90.92 |           nan |
| Other Revenue                         |         nan    |         nan    |         nan    |         nan    |         nan    |           0.71 |         nan    |           3.11 |         nan    |           0.4  |           nan |
| Revenue                               |         187.27 |         219.45 |         331.91 |         349.37 |         302.3  |         216.76 |         176.34 |         130.2  |          95.31 |          91.31 |           nan |
| Revenue Growth (YoY)                  |         -43.58 |         -37.19 |           9.8  |          61.18 |          71.43 |          66.48 |          85.01 |          42.59 |           4.35 |         -14.09 |           nan |
| Cost of Revenue                       |         139.7  |          39.58 |         295.89 |         174.39 |         259.35 |          82.35 |         155.17 |          41.93 |          86.54 |          12.07 |           nan |
| Gross Profit                          |          47.58 |         179.87 |          36.02 |         174.98 |          42.95 |         134.41 |          21.17 |          88.28 |           8.77 |          79.25 |           nan |
| Selling, General & Admin              |          25.59 |         156.43 |          19.12 |         148.48 |          16.62 |         111.96 |           9.92 |          78.95 |          26.01 |          74.16 |           nan |
| Depreciation & Amortization           |           3.11 |           2.98 |           3    |           2.63 |           2.64 |           1.71 |           1.45 |           1.42 |           1.32 |           0.74 |           nan |
| Other Operating Expenses              |         nan    |          -0    |         nan    |          -0    |         nan    |          -0.43 |         nan    |          -0.21 |         nan    |          -0.02 |           nan |
| Operating Expenses                    |          28.7  |         159.41 |          22.12 |         151.11 |          19.26 |         113.23 |          11.37 |          80.16 |          27.33 |          74.88 |           nan |
| Operating Income                      |          18.88 |          20.46 |          13.9  |          23.87 |          23.69 |          21.18 |           9.8  |           8.11 |         -18.56 |           4.37 |           nan |
| Interest Expense                      |          -0.26 |          -0.28 |          -0.19 |          -0.17 |          -0.19 |          -0.21 |          -0.17 |          -0.18 |          -0.12 |          -0.04 |           nan |
| Interest & Investment Income          |           1.41 |           1.16 |           0.67 |           0.1  |           0.03 |           0.02 |           0.05 |           0.07 |           0.1  |           0.17 |           nan |
| Currency Exchange Gain (Loss)         |          -0.05 |           0.03 |           0.25 |           0.08 |           0.09 |           0.08 |          -0.18 |           0.35 |          -0.1  |           0.05 |           nan |
| Other Non Operating Income (Expenses) |           0.69 |           0.49 |           0.22 |           2.55 |           0.25 |          -0.23 |           0.23 |          -1.56 |           1.56 |          -0.23 |           nan |
| EBT Excluding Unusual Items           |          20.67 |          21.87 |          14.86 |          26.42 |          23.86 |          20.84 |           9.73 |           6.79 |         -17.12 |           4.33 |           nan |
| Gain (Loss) on Sale of Investments    |         nan    |          -0.21 |           3.22 |           2.34 |          -2.34 |          -2.9  |           2.9  |           0.31 |           0.4  |         nan    |           nan |
| Gain (Loss) on Sale of Assets         |         nan    |          -0.01 |           0.01 |         nan    |           0.02 |          -0.01 |         nan    |          -0.06 |           0.02 |           0.03 |           nan |
| Pretax Income                         |          20.67 |          21.65 |          18.09 |          28.76 |          21.54 |          17.93 |          12.63 |           7.03 |         -16.7  |           4.36 |           nan |
| Income Tax Expense                    |           6.37 |           7.14 |           5.11 |           8.78 |           6.81 |           5.45 |           4.1  |           3.11 |          -5.52 |           0.56 |           nan |
| Net Income                            |          14.3  |          14.52 |          12.97 |          19.99 |          14.74 |          12.48 |           8.53 |           3.92 |         -11.17 |           3.8  |           nan |
| Net Income to Common                  |          14.3  |          14.52 |          12.97 |          19.99 |          14.74 |          12.48 |           8.53 |           3.92 |         -11.17 |           3.8  |           nan |
| Net Income Growth                     |          10.19 |         -27.36 |         -11.95 |          60.15 |          72.73 |         218.27 |         nan    |           3.14 |         nan    |          -8.13 |           nan |
| Shares Outstanding (Basic)            |         164    |         162    |         162    |         168    |         154    |         158    |         154    |         154    |         153    |         154    |           nan |
| Shares Outstanding (Diluted)          |         168    |         168    |         166    |         174    |         159    |         163    |         157    |         154    |         153    |         155    |           nan |
| Shares Change (YoY)                   |           1.12 |          -3.02 |           4.31 |           6.24 |           1.51 |           6.19 |           2.38 |          -0.8  |          -2.14 |          -0.62 |           nan |
| EPS (Basic)                           |           0.09 |           0.09 |           0.08 |           0.12 |           0.1  |           0.08 |           0.06 |           0.03 |          -0.07 |           0.02 |           nan |
| EPS (Diluted)                         |           0.09 |           0.09 |           0.08 |           0.12 |           0.09 |           0.08 |           0.05 |           0.03 |          -0.07 |           0.02 |           nan |
| EPS Growth                            |           8.97 |         -25.09 |         -15.58 |          50.77 |          70.17 |         199.85 |         nan    |           3.79 |         nan    |          -7.61 |           nan |
| Free Cash Flow                        |          -9.75 |          21.11 |         -10.79 |          28.51 |          37.62 |          31.01 |          16.8  |          18.11 |          -7.89 |          10.79 |           nan |
| Free Cash Flow Per Share              |          -0.06 |           0.13 |          -0.06 |           0.16 |           0.24 |           0.19 |           0.11 |           0.12 |          -0.05 |           0.07 |           nan |
| Dividend Per Share                    |           0.09 |           0.1  |           0.09 |           0.1  |           0.09 |           0.07 |           0.05 |           0.04 |           0.02 |           0.02 |           nan |
| Dividend Growth                       |           0    |           0    |           0    |          42.86 |          80    |          75    |         150    |         100    |         -50    |         -60    |           nan |
| Operating Margin                      |          10.08 |           9.32 |           4.19 |           6.83 |           7.84 |           9.77 |           5.56 |           6.23 |         -19.47 |           4.79 |           nan |
| Profit Margin                         |           7.63 |           6.61 |           3.91 |           5.72 |           4.87 |           5.76 |           4.84 |           3.01 |         -11.72 |           4.16 |           nan |
| Free Cash Flow Margin                 |          -5.21 |           9.62 |          -3.25 |           8.16 |          12.45 |          14.31 |           9.53 |          13.91 |          -8.28 |          11.82 |           nan |
| EBITDA                                |          20.91 |          22.29 |          15.77 |          25.15 |          25.48 |          21.94 |          10.51 |           8.81 |         -17.83 |           5.04 |           nan |
| D&A For EBITDA                        |           2.03 |           1.83 |           1.87 |           1.27 |           1.79 |           0.76 |           0.71 |           0.7  |           0.73 |           0.67 |           nan |
| EBIT                                  |          18.88 |          20.46 |          13.9  |          23.87 |          23.69 |          21.18 |           9.8  |           8.11 |         -18.56 |           4.37 |           nan |

